quantity,purchased,totalPrice,date,productId,orderId
8,false,5986,2020-11-11 20:40:00,114,527
10,false,7870,2020-02-05 03:11:56,435,258
7,false,586,2020-04-22 15:47:36,6,905
5,false,4071,2020-09-15 14:12:53,152,287
6,true,8397,2020-09-04 00:17:01,42,440
6,false,894,2020-04-06 12:33:29,228,387
2,true,7273,2020-08-04 05:06:28,212,840
7,true,5677,2020-10-08 15:03:45,159,231
8,false,4327,2020-10-29 14:58:24,269,656
8,true,3488,2020-11-29 02:59:45,279,275
10,true,1515,2020-11-02 16:34:12,447,461
4,false,9679,2020-03-23 06:21:20,60,432
4,false,4638,2021-01-11 10:38:23,361,229
2,false,1774,2020-07-16 03:55:57,158,923
10,true,2764,2020-02-17 17:39:51,180,968
2,true,4388,2020-02-21 03:39:46,187,667
9,false,4647,2020-08-08 00:48:40,148,319
2,true,9167,2020-08-17 12:48:58,52,433
10,false,4937,2020-04-10 03:56:18,274,517
8,false,4803,2020-12-17 08:34:04,331,367
6,true,4603,2020-05-10 12:13:32,305,519
7,false,7592,2020-07-09 22:11:25,411,190
6,false,1953,2020-02-26 23:27:49,409,774
5,true,7422,2020-02-16 17:58:30,80,384
4,false,9397,2020-08-27 01:15:10,378,335
6,false,6431,2020-09-22 02:05:04,143,694
8,false,3372,2020-04-28 21:21:57,109,352
6,false,5823,2020-05-09 12:55:43,290,896
4,true,8320,2020-03-08 03:41:26,237,589
10,true,2270,2021-01-08 21:59:31,92,126
3,true,2813,2020-12-28 13:33:25,16,20
5,true,4014,2020-12-11 22:06:55,165,753
8,false,6616,2020-04-11 22:57:16,421,726
6,false,3033,2020-04-28 22:28:38,361,566
9,false,7653,2020-11-20 10:34:10,413,141
5,false,3054,2020-12-13 12:11:50,396,601
9,true,6458,2020-07-05 13:05:05,271,920
5,true,8008,2020-03-28 09:59:34,35,423
8,true,1064,2020-09-17 17:33:56,237,836
9,true,9767,2020-03-24 22:35:06,386,953
2,true,4039,2020-03-22 10:15:33,364,467
2,false,3957,2020-09-12 15:35:01,9,784
6,false,1453,2020-10-08 10:55:53,87,85
7,false,6882,2020-02-19 21:00:07,48,949
3,false,7084,2020-12-24 06:28:31,405,855
9,false,7932,2020-05-27 20:03:52,38,440
8,false,330,2021-01-11 00:24:00,171,196
4,false,6691,2020-02-11 21:41:51,286,121
9,false,8645,2020-06-17 12:46:03,371,181
10,true,8412,2020-02-02 21:28:01,420,495
8,false,2838,2020-07-23 14:23:55,180,552
5,true,9602,2020-10-04 10:28:51,183,326
1,true,6380,2020-12-28 06:26:35,286,882
5,true,8444,2020-05-21 18:30:42,170,378
9,true,635,2020-11-24 05:59:04,125,105
7,false,8817,2020-11-20 20:52:34,434,734
2,true,7007,2020-08-31 03:21:25,156,689
2,false,1565,2020-07-24 04:23:04,392,237
6,true,5345,2020-07-12 23:05:00,103,208
10,true,3588,2020-10-25 06:26:12,319,583
8,true,2802,2020-05-28 00:32:20,152,757
1,false,988,2020-08-27 03:09:02,338,645
10,false,7105,2020-08-19 06:31:57,87,675
7,true,2603,2020-05-11 20:10:36,104,676
3,true,2689,2020-07-13 11:35:30,446,361
4,false,9415,2020-12-12 18:49:50,393,17
5,false,9900,2020-11-15 10:41:01,88,809
3,true,4944,2020-02-01 06:25:28,289,789
6,false,1341,2020-07-28 16:04:51,250,762
3,false,2282,2020-11-22 01:17:27,341,849
5,true,8375,2020-11-06 06:34:01,34,634
10,true,1860,2020-10-19 12:31:42,207,402
10,true,9676,2021-01-10 19:26:51,302,133
1,false,7113,2020-04-10 18:45:20,194,236
2,true,638,2020-08-28 06:40:35,124,657
4,false,2222,2020-09-16 19:50:39,37,659
9,false,5199,2020-12-09 20:00:03,140,693
6,false,6878,2020-06-20 02:02:43,152,45
7,true,3058,2020-05-01 09:22:18,432,569
3,false,4997,2020-07-17 16:34:50,341,813
5,true,1924,2020-11-05 06:21:05,41,864
10,false,7093,2020-12-19 11:55:23,342,111
10,true,9774,2020-09-16 03:50:42,205,481
3,true,4048,2020-12-01 23:19:20,139,603
8,true,9412,2020-06-02 10:17:55,352,786
9,false,3991,2020-05-26 05:44:15,154,958
1,true,9965,2020-08-14 20:31:26,352,484
2,true,3608,2020-11-06 21:33:08,241,528
2,true,8163,2020-07-13 14:15:38,152,338
7,false,465,2020-02-23 19:24:22,162,953
6,true,569,2021-01-07 09:04:12,259,569
10,true,2090,2020-11-10 21:05:54,299,299
1,true,5847,2020-08-12 06:17:32,79,701
6,false,6862,2020-08-26 07:25:37,330,391
7,false,7370,2020-02-16 22:07:03,268,25
6,true,4410,2020-10-07 05:09:49,229,746
10,false,780,2020-04-08 03:15:21,220,509
2,false,617,2020-05-15 21:43:31,103,437
7,true,9812,2020-06-25 20:49:24,132,223
1,true,2788,2020-03-21 20:07:34,282,624
3,true,1731,2020-04-12 11:18:02,378,911
9,true,637,2020-12-25 15:57:35,242,500
10,false,4916,2020-06-17 19:53:09,181,340
7,false,5756,2020-06-09 04:20:21,298,539
6,true,1751,2020-07-04 20:23:35,30,895
1,false,4776,2020-06-06 10:44:59,11,943
6,true,4906,2020-03-21 07:46:41,62,391
2,true,3580,2020-11-23 00:26:04,421,347
8,true,1030,2020-05-22 22:34:51,321,206
3,false,1989,2020-09-22 22:58:40,23,604
3,false,3168,2020-01-23 14:38:09,44,576
2,true,6026,2020-12-22 08:31:53,180,278
7,false,5096,2020-03-17 21:34:38,51,706
5,true,6764,2020-09-30 06:12:21,182,477
4,false,6715,2020-08-03 07:09:27,227,471
6,true,9676,2020-02-26 00:30:01,18,785
5,true,7861,2021-01-09 03:19:57,166,479
6,true,3919,2020-10-09 00:58:28,445,659
6,true,1318,2020-10-12 05:13:11,72,414
8,false,7122,2020-02-24 05:37:30,227,391
2,false,8188,2020-03-21 06:04:46,399,796
4,true,4287,2020-05-16 19:35:05,353,980
8,true,9998,2020-10-13 18:20:40,216,453
2,false,1471,2020-10-17 19:18:57,172,390
6,false,5085,2020-02-28 19:36:34,399,251
8,true,3840,2020-03-23 16:14:13,445,60
5,false,3261,2020-07-21 04:52:25,230,456
9,false,2077,2020-09-25 10:51:46,177,99
8,false,6093,2020-07-04 03:16:02,283,389
8,true,289,2020-09-06 04:27:12,381,658
8,false,5436,2020-08-03 00:50:13,145,506
4,false,8429,2020-10-07 12:07:36,70,261
1,false,6025,2020-04-25 22:54:09,81,172
9,false,7932,2020-05-14 04:00:02,278,95
5,true,8956,2020-05-08 05:57:11,359,540
8,true,3158,2020-02-08 09:09:13,71,794
3,true,7321,2020-06-17 11:35:09,235,429
2,false,4475,2020-03-19 22:40:20,403,346
2,false,7751,2020-09-09 11:14:23,185,539
1,false,579,2020-09-11 06:11:07,259,277
9,false,3785,2020-01-19 18:34:27,49,143
5,true,3588,2020-10-03 12:30:59,378,821
6,false,1017,2020-06-01 16:23:35,380,579
7,false,5580,2020-02-07 18:35:37,126,286
9,true,5428,2020-12-21 11:11:04,14,748
8,false,9715,2020-08-15 02:26:24,149,474
7,true,8251,2020-03-19 13:06:06,13,776
6,false,6273,2020-01-20 14:57:16,95,76
1,false,3709,2020-02-05 02:50:25,380,473
3,false,2316,2020-12-06 12:17:46,141,365
6,false,2024,2020-11-26 00:08:11,101,861
4,true,1097,2020-08-25 05:22:37,326,506
8,true,5426,2020-08-13 21:30:51,207,924
2,false,6722,2020-03-08 22:57:27,148,953
9,true,4099,2020-04-24 13:06:53,236,489
4,false,3140,2020-08-11 07:56:00,329,832
7,true,1116,2020-05-28 14:08:04,397,939
7,false,8202,2020-09-02 23:41:56,247,331
6,true,1539,2020-08-14 22:05:09,447,779
8,false,7774,2020-06-11 19:01:46,411,554
8,true,2116,2020-04-23 20:47:55,249,493
7,false,1097,2020-07-27 04:36:24,216,619
4,true,7267,2020-11-30 02:14:57,314,460
3,true,9389,2020-01-16 18:15:35,161,551
1,true,4984,2020-12-18 16:11:31,223,550
4,false,8605,2020-04-03 00:35:52,101,696
5,false,1641,2020-02-12 23:28:01,389,419
4,false,5156,2020-12-11 12:57:56,263,31
5,false,9835,2020-05-10 23:39:52,404,215
1,false,2472,2020-05-26 07:54:47,249,802
1,true,3087,2020-10-14 02:03:05,299,640
4,false,2938,2020-11-25 23:56:15,244,951
3,true,2478,2020-04-02 19:54:57,175,706
6,true,1097,2020-11-17 16:43:50,198,419
3,false,8826,2020-04-30 03:42:10,396,720
5,true,2785,2020-10-24 09:43:53,125,400
4,false,7042,2020-05-04 02:29:11,32,462
3,true,3004,2020-09-19 05:04:34,261,51
6,true,4548,2020-07-14 21:29:28,106,313
3,false,1065,2020-12-29 17:25:13,285,409
3,false,2563,2020-03-13 20:23:03,158,29
5,true,5108,2020-01-25 17:06:25,193,268
6,false,6397,2020-07-03 03:25:45,375,479
1,true,7202,2020-05-26 20:01:08,176,940
9,false,541,2020-10-12 01:49:17,62,464
1,true,5994,2020-03-29 04:56:08,324,314
2,false,9891,2020-07-26 23:17:08,122,536
8,true,2567,2020-09-02 03:34:10,247,516
5,false,6370,2020-03-25 22:47:29,131,924
10,true,9969,2020-04-04 22:58:52,222,577
8,false,6962,2020-03-26 15:41:48,142,395
7,false,6156,2020-07-05 00:41:31,306,854
6,false,5642,2020-12-31 08:10:32,181,415
8,false,2077,2020-07-21 03:13:39,330,496
9,false,4126,2020-09-26 16:58:08,191,475
8,false,9508,2020-02-10 08:56:34,355,437
1,false,6102,2020-10-22 17:47:19,47,291
9,true,7380,2020-04-26 09:46:18,407,607
8,true,3577,2020-04-04 02:11:50,230,100
9,false,807,2020-09-10 16:08:39,62,580
10,false,747,2020-10-18 23:56:33,234,717
3,false,2545,2020-04-02 20:28:33,366,653
2,false,5987,2020-10-28 14:08:49,99,821
8,true,3173,2020-07-14 17:17:53,366,401
5,true,1381,2020-07-11 21:26:20,323,1
4,false,1676,2021-01-07 21:26:47,361,911
10,false,6082,2020-03-10 21:29:10,322,393
9,true,6422,2020-05-22 04:19:27,278,997
10,false,9573,2020-05-01 05:13:14,283,73
8,true,298,2020-04-29 10:24:10,45,569
2,true,3512,2020-10-20 13:51:29,380,877
2,false,7070,2020-05-10 05:46:47,372,622
7,false,2118,2020-09-21 19:34:18,416,292
8,false,543,2020-06-15 06:43:58,354,74
10,true,8526,2020-02-10 17:10:43,396,721
2,true,4941,2020-12-06 20:44:03,383,120
7,false,9541,2020-06-25 21:40:31,245,631
10,false,5960,2020-06-05 16:39:55,323,197
5,true,8477,2020-05-26 00:08:52,378,812
2,false,7655,2020-03-30 02:53:11,404,168
3,true,7614,2020-04-18 23:11:15,123,683
2,false,5393,2020-12-02 20:17:27,47,142
3,false,4639,2020-06-02 13:47:39,142,669
9,false,7192,2020-12-25 02:01:14,299,182
10,true,9789,2020-12-02 14:14:47,75,791
5,true,526,2020-07-11 02:45:34,120,580
4,true,482,2020-11-20 22:27:37,385,395
10,false,5056,2020-05-07 18:04:41,152,447
4,false,6792,2020-02-20 13:36:18,85,175
1,false,7774,2020-11-08 23:26:23,58,747
1,false,4994,2020-09-11 00:24:50,108,30
6,true,3877,2020-01-18 05:24:12,21,125
5,false,6164,2020-12-29 23:31:36,216,833
7,false,6153,2020-11-19 04:47:02,119,869
1,true,3135,2020-01-29 07:14:55,338,604
1,false,2781,2020-12-05 13:00:17,428,668
8,true,492,2020-07-23 20:09:42,267,417
3,true,5267,2020-07-12 03:38:19,179,343
9,false,9763,2020-04-09 19:23:41,289,636
1,true,9965,2020-09-05 04:15:07,45,320
10,true,6306,2020-09-18 12:26:08,191,485
4,true,1090,2020-04-01 18:13:50,151,708
6,false,2511,2021-01-07 21:58:59,255,805
7,false,1673,2020-04-03 09:53:08,61,921
9,true,4784,2020-09-15 09:09:19,302,664
10,false,9589,2020-10-22 21:24:31,175,270
1,true,3447,2020-02-02 08:54:55,78,239
8,true,2446,2020-08-30 12:05:27,155,133
3,false,5547,2020-04-16 05:26:29,436,376
7,true,8029,2020-01-29 12:31:38,452,515
1,false,6049,2021-01-04 10:21:45,446,174
7,false,1125,2020-08-08 13:01:56,395,792
10,false,4043,2020-03-02 17:10:49,282,686
2,true,4567,2020-04-06 10:29:32,242,767
4,false,6911,2020-09-10 04:11:29,80,208
10,false,8059,2020-12-28 14:39:34,76,851
8,false,6550,2020-05-11 18:48:13,326,417
10,true,9723,2020-04-15 23:37:22,318,362
7,false,1884,2020-08-17 16:33:39,397,16
6,true,7382,2020-03-07 13:05:36,103,359
10,false,4627,2020-09-09 18:57:58,35,876
10,false,3109,2020-07-10 03:27:29,170,245
7,false,1599,2020-03-02 21:37:16,308,152
3,true,1175,2020-05-20 18:27:09,87,130
4,false,4993,2020-08-16 22:12:53,156,536
6,false,4256,2020-08-17 06:58:36,24,664
9,false,4810,2020-02-13 19:55:13,395,416
5,true,7091,2020-07-14 12:03:57,431,635
10,false,7914,2021-01-04 10:10:38,51,270
3,false,7729,2020-07-09 16:43:09,275,982
2,false,1645,2020-04-16 16:24:46,426,764
6,true,2213,2020-03-12 22:50:27,378,624
2,false,5355,2020-07-13 18:20:48,91,456
8,false,1214,2020-06-17 08:00:30,147,107
9,false,3993,2021-01-10 16:18:16,94,175
4,true,7665,2020-03-10 17:59:59,308,930
9,false,797,2020-03-28 13:17:36,392,558
4,true,3161,2020-04-10 16:41:00,57,103
3,false,1182,2020-05-27 11:16:10,363,629
3,false,6714,2020-09-28 15:34:46,391,879
10,false,4995,2020-12-25 15:51:43,37,298
5,true,5191,2020-10-27 19:14:11,2,935
6,true,4614,2021-01-06 09:03:22,216,276
4,false,5618,2020-10-13 20:30:25,54,987
4,false,7268,2020-02-03 15:55:11,229,248
3,false,1524,2020-04-19 09:32:03,308,926
10,false,2130,2021-01-03 08:23:05,234,625
3,false,3310,2020-10-03 22:29:57,396,38
5,false,1705,2020-10-11 16:06:59,110,784
10,false,554,2020-07-21 09:33:06,113,983
4,true,5707,2020-10-11 21:07:23,68,870
3,true,7613,2020-04-25 00:10:14,162,830
10,false,1409,2020-05-27 05:17:24,445,988
7,true,2870,2020-10-10 23:59:07,439,721
6,false,5952,2020-12-08 18:11:09,157,552
6,false,4900,2020-02-28 06:10:45,424,451
8,false,5257,2020-04-27 08:02:32,156,419
5,false,3449,2020-09-30 13:08:54,161,676
10,false,408,2020-02-26 11:59:38,73,107
4,false,2451,2020-08-17 20:16:20,308,615
6,true,9741,2020-09-16 11:26:02,46,583
5,true,2742,2020-01-24 14:45:50,259,867
9,false,4228,2020-04-12 08:06:28,364,468
6,true,7519,2020-02-17 23:46:10,331,810
5,true,4269,2020-11-04 21:26:25,65,68
4,false,4828,2020-12-28 01:34:14,406,311
4,true,1513,2020-07-03 13:21:02,131,611
3,false,2303,2020-01-15 05:12:39,337,526
9,true,5276,2020-10-23 17:36:01,286,161
1,false,945,2020-05-31 15:03:33,366,998
5,false,4401,2020-02-04 03:11:34,365,155
6,false,9663,2020-09-01 16:59:08,290,757
6,true,459,2020-04-23 06:39:12,298,785
7,true,3906,2020-09-24 17:42:26,77,338
8,false,901,2020-11-04 01:09:18,28,831
6,false,286,2020-08-23 01:27:46,64,167
10,false,2508,2020-05-20 18:45:39,46,466
7,true,9207,2020-01-30 16:26:34,200,443
9,true,4015,2020-04-18 21:53:06,39,776
3,false,6688,2020-10-07 16:54:47,51,448
10,true,4719,2020-11-26 10:03:06,355,41
5,true,8181,2020-05-18 11:02:59,5,402
4,false,8688,2020-04-16 11:29:45,443,960
10,false,8446,2020-04-21 01:19:19,47,426
9,false,7044,2020-04-03 14:31:18,377,85
7,true,3205,2020-05-25 06:12:42,317,971
6,false,7305,2020-02-21 04:36:07,447,845
6,false,5513,2020-05-01 09:01:23,274,615
1,false,1601,2020-12-05 18:11:56,342,536
6,false,5330,2020-02-29 19:57:11,206,538
1,true,945,2020-01-30 19:40:46,383,280
3,false,718,2020-12-17 20:40:23,344,771
6,true,1278,2020-11-25 06:30:02,161,317
8,false,3862,2020-08-17 04:53:20,40,175
7,true,7349,2020-04-07 13:36:18,230,780
6,true,7382,2020-06-10 02:56:27,110,994
9,true,8247,2020-12-31 09:51:39,127,870
10,true,8902,2020-09-22 16:04:05,84,478
8,false,4622,2021-01-01 22:23:17,358,257
5,false,1027,2020-02-11 23:00:00,77,159
3,true,7296,2020-02-09 13:24:17,373,364
8,false,8450,2020-08-20 22:41:56,68,499
10,false,844,2020-08-02 22:05:27,393,454
6,true,3796,2020-07-28 03:10:22,356,676
7,false,2481,2020-10-09 11:46:12,310,389
4,true,7482,2020-05-20 00:54:09,450,90
7,false,7755,2020-04-01 23:01:04,422,988
1,false,6994,2020-02-29 05:40:18,398,60
9,true,2109,2020-10-30 12:41:15,317,796
6,false,9963,2020-03-26 01:07:34,112,632
2,false,1710,2020-08-11 04:34:29,185,558
9,false,2992,2020-11-18 08:50:11,224,251
10,true,6208,2020-09-05 19:03:19,249,106
2,true,4408,2020-08-30 13:21:47,403,477
8,true,4400,2020-09-08 00:58:58,160,592
4,false,5864,2020-04-05 03:22:24,321,423
6,false,5061,2020-06-18 05:00:38,75,114
1,true,4298,2020-09-12 08:17:13,174,968
8,false,2666,2020-08-06 23:14:47,246,137
4,true,1356,2020-07-10 11:43:18,358,650
2,true,9662,2020-09-29 08:54:31,101,429
7,true,538,2020-09-19 00:58:05,1,629
10,true,7921,2021-01-11 09:54:32,68,115
2,true,6222,2020-05-09 20:49:38,169,202
6,true,1742,2020-12-07 12:08:05,151,947
5,false,2065,2020-06-16 22:30:19,119,955
6,true,5377,2020-06-13 01:00:53,22,596
7,true,4242,2020-03-29 22:12:28,277,247
2,false,4635,2020-07-07 21:19:21,284,218
6,true,8207,2020-07-27 15:24:50,332,884
1,false,7720,2020-10-25 15:21:16,280,503
3,true,1893,2020-03-25 02:10:00,361,251
10,true,9300,2020-05-04 17:07:21,96,534
4,true,7522,2020-12-08 01:34:35,285,727
4,true,9448,2020-12-03 09:37:32,26,858
10,true,863,2020-03-20 10:55:05,391,2
10,false,9966,2020-01-19 05:46:43,273,709
1,true,9837,2020-11-16 15:57:28,52,417
4,true,2903,2020-07-21 12:19:05,248,558
4,true,9221,2021-01-10 02:19:34,229,401
2,true,4172,2020-12-02 15:03:46,231,590
3,true,5665,2020-05-09 21:00:04,212,897
8,true,2666,2020-10-21 19:45:12,262,563
1,false,5287,2020-04-03 09:04:58,211,881
6,true,1383,2020-07-22 03:23:21,434,797
10,false,2752,2020-05-25 17:56:59,368,624
3,true,6920,2020-06-11 01:08:10,333,207
7,true,1955,2020-05-16 00:17:56,40,959
2,true,7560,2020-01-24 01:53:29,81,141
6,true,6638,2020-02-21 23:25:27,166,974
9,false,2751,2020-05-28 22:31:38,361,185
7,true,8992,2020-02-25 21:52:20,358,818
6,true,6772,2020-10-31 09:37:36,347,321
1,true,8037,2020-12-12 11:12:33,343,871
1,true,1219,2020-12-07 10:35:45,293,78
9,false,9110,2020-10-28 03:18:33,340,66
1,true,2464,2020-09-04 03:26:34,347,200
6,true,7772,2020-04-12 05:53:57,154,959
2,true,3073,2020-07-04 11:10:11,341,609
2,false,6937,2020-08-14 04:40:53,275,248
2,false,6477,2020-11-24 04:42:45,346,603
4,false,4912,2020-04-10 06:14:06,1,294
2,true,9341,2020-01-31 08:54:46,117,728
2,true,2807,2020-11-18 01:21:47,420,188
10,true,5524,2020-08-15 18:13:40,138,132
3,false,7872,2020-01-24 04:49:04,255,847
2,true,2368,2020-01-25 10:55:46,102,353
7,false,5524,2020-05-10 09:57:48,62,40
4,true,662,2020-02-15 20:28:17,306,322
9,true,1769,2020-11-17 19:23:54,44,541
4,true,1796,2020-10-13 01:42:29,347,499
3,false,3822,2020-09-08 11:09:13,161,62
2,true,9930,2020-07-31 18:12:36,217,300
1,true,9932,2020-03-26 06:18:14,400,252
6,true,6740,2020-11-29 16:36:16,424,298
10,false,422,2020-04-30 16:16:18,224,735
8,false,2777,2020-09-01 19:19:38,30,85
8,false,7305,2020-06-20 18:03:13,396,953
7,false,6947,2020-12-07 03:02:22,368,690
7,false,7494,2020-11-02 05:49:27,378,260
10,false,363,2020-06-01 21:48:42,98,212
1,true,9878,2020-02-21 10:43:15,120,505
3,false,6277,2020-10-18 07:36:44,307,615
1,true,4371,2020-08-29 04:07:18,214,362
1,false,5937,2020-03-28 19:56:21,290,141
6,true,7884,2021-01-04 16:53:32,12,334
1,false,1376,2020-09-20 01:36:16,227,473
1,false,3031,2020-06-27 13:55:20,191,686
1,false,2669,2020-06-09 05:34:58,258,84
3,true,4236,2020-05-25 18:44:42,207,517
3,true,4053,2020-11-11 18:59:18,190,865
1,false,3562,2021-01-12 00:11:54,420,902
1,false,4001,2020-05-05 20:48:01,296,35
3,true,6585,2020-09-26 17:39:40,162,22
6,true,1455,2020-02-09 13:27:25,38,696
10,false,2721,2020-06-10 19:12:02,341,717
6,true,776,2020-09-04 10:04:46,397,886
2,true,8903,2020-04-08 07:26:53,378,322
7,false,9231,2020-12-30 03:45:49,442,138
7,false,1471,2020-02-04 06:34:44,438,785
7,false,7183,2020-08-23 04:00:53,293,512
5,false,3518,2020-03-16 01:57:28,191,545
5,true,9057,2020-01-20 13:32:27,233,24
3,false,9615,2020-11-06 06:58:09,8,773
3,false,4910,2020-10-20 09:33:09,224,83
4,false,2304,2020-07-07 00:20:14,51,979
6,true,3385,2020-07-17 09:43:00,272,182
8,true,491,2020-02-03 16:34:55,127,897
10,true,3702,2020-06-17 00:53:14,173,892
9,true,4444,2020-08-18 20:13:00,101,399
10,false,5336,2020-04-13 08:01:44,301,147
2,false,4571,2020-04-14 02:25:43,440,299
1,true,9856,2020-12-15 20:46:35,366,230
9,true,6897,2020-11-17 08:26:34,46,287
10,true,1730,2020-09-06 05:22:40,43,242
10,false,792,2020-02-24 13:12:15,147,500
5,true,8821,2020-10-27 01:21:15,65,99
4,true,593,2020-03-22 04:01:42,323,270
10,false,8332,2020-11-27 17:53:54,158,561
5,false,1714,2020-08-23 21:20:03,410,750
8,false,8072,2020-07-28 16:09:57,131,417
9,false,2031,2020-05-02 09:06:52,94,181
6,false,5439,2020-02-23 02:35:05,294,502
7,true,8887,2020-04-17 18:52:56,199,347
9,false,2102,2020-05-16 17:31:52,36,808
5,false,7022,2020-07-09 12:53:12,102,439
9,false,6136,2020-03-30 13:14:24,351,484
7,true,9336,2020-02-11 09:18:31,414,429
2,true,1299,2020-04-14 16:39:32,39,593
5,false,355,2020-06-13 05:23:56,425,534
3,false,7704,2020-11-22 00:16:20,373,776
7,true,769,2020-07-04 23:58:33,77,583
4,true,8205,2020-10-02 21:21:27,297,126
7,false,7021,2020-06-05 18:33:59,9,403
8,true,7490,2020-01-27 02:09:43,278,943
4,true,719,2020-11-29 00:23:05,296,322
1,false,8012,2020-05-23 11:53:25,167,101
1,true,5572,2020-07-23 12:53:18,258,673
2,true,4228,2020-10-25 08:09:47,242,150
7,true,2242,2021-01-13 16:48:55,152,688
3,true,1160,2020-03-04 17:50:23,190,591
6,true,3876,2020-02-21 01:11:19,452,15
5,true,3158,2020-01-19 05:54:03,34,749
9,true,3953,2020-11-18 23:15:12,255,279
3,false,3211,2020-02-01 21:52:01,365,802
1,true,4051,2020-04-20 06:56:57,303,227
2,false,1645,2020-02-16 18:54:06,269,529
6,true,8843,2020-12-11 21:49:25,310,339
2,false,2414,2020-05-14 16:24:34,339,543
9,true,7787,2020-06-24 11:06:14,247,433
10,false,2156,2020-08-21 10:06:18,293,158
7,false,3166,2020-05-31 15:29:17,431,577
8,true,6079,2020-04-04 07:35:24,179,280
5,true,2412,2020-09-05 19:58:16,301,184
1,true,4454,2020-09-28 03:50:07,338,727
2,false,9620,2020-04-03 18:58:28,341,467
5,false,9849,2020-04-28 20:14:07,121,98
7,false,9341,2020-09-04 22:55:15,326,912
4,false,1975,2020-11-17 22:53:51,428,210
3,true,7961,2020-09-26 11:43:22,57,162
9,false,2941,2020-01-20 04:10:14,342,632
7,false,632,2020-06-05 22:05:31,253,932
9,false,2807,2020-01-14 18:27:00,123,928
7,true,9475,2020-11-09 07:56:01,31,494
10,true,7772,2020-12-22 03:18:20,75,813
10,true,8523,2020-10-18 05:44:19,106,953
10,true,894,2020-06-07 15:15:53,201,636
8,true,4511,2020-07-26 19:39:14,308,789
3,false,4483,2020-02-11 00:48:30,73,705
8,false,9316,2020-12-20 21:52:55,59,397
2,true,981,2020-12-29 13:15:07,319,694
9,true,5674,2020-04-14 02:10:35,228,384
4,true,6600,2020-05-07 21:50:53,148,970
7,false,5303,2020-02-10 17:14:29,431,639
4,true,1287,2020-04-22 23:58:14,431,168
10,true,696,2020-06-14 18:54:56,106,652
6,false,1881,2020-03-06 02:05:53,447,17
4,true,5604,2020-10-28 04:48:50,302,76
1,true,4299,2020-11-14 16:14:24,52,958
4,true,9555,2020-03-28 23:14:21,136,564
9,false,245,2020-02-09 18:20:08,349,430
8,true,6759,2020-11-23 23:45:08,379,942
9,true,3203,2020-02-23 19:41:09,51,925
2,true,3625,2020-05-22 07:22:19,443,630
2,false,5882,2020-04-18 18:26:27,64,279
2,false,7582,2020-08-12 23:29:55,17,271
3,true,1268,2020-06-28 09:55:45,306,989
9,false,5583,2020-01-27 00:16:41,238,244
2,false,9612,2020-08-31 09:02:23,257,939
1,false,4156,2020-05-17 14:04:45,223,927
9,false,1547,2020-12-22 02:20:03,103,837
10,false,1620,2021-01-05 22:10:34,135,989
1,false,8060,2020-02-18 13:09:02,431,778
5,true,1495,2020-07-19 15:44:19,360,11
6,true,1963,2020-11-30 11:30:10,285,956
10,true,6763,2020-03-11 04:12:29,371,683
10,true,9887,2020-06-29 08:45:53,343,248
5,true,3133,2020-04-05 21:56:18,398,509
4,true,2984,2020-12-25 04:19:30,262,295
5,false,5304,2020-07-31 00:55:53,285,379
7,false,2238,2020-01-27 22:48:04,238,802
2,true,6353,2020-05-13 02:51:41,236,633
10,true,4017,2020-01-19 20:45:01,367,650
5,true,5072,2021-01-07 03:26:48,213,296
2,true,6860,2020-06-26 15:23:01,201,268
6,true,9679,2020-02-07 00:58:11,427,10
7,false,475,2020-10-07 01:07:32,40,171
4,false,1142,2020-07-19 12:14:26,321,256
8,false,3729,2020-05-15 05:58:36,323,181
5,true,4361,2020-12-31 09:37:32,47,220
7,true,8023,2020-06-10 08:14:19,407,248
3,true,6539,2020-12-02 01:04:47,70,951
3,true,897,2020-10-28 12:30:27,35,227
2,false,5988,2020-12-20 21:40:48,271,33
3,false,9484,2020-09-13 11:58:59,398,594
3,false,975,2020-04-18 05:54:11,442,167
8,false,6805,2020-04-24 16:03:51,181,118
6,true,8893,2020-02-20 02:02:14,316,576
1,true,4605,2020-09-16 04:43:05,236,617
1,true,444,2020-09-12 08:06:33,345,587
4,false,9731,2020-12-08 18:37:20,11,677
4,false,9567,2020-09-21 12:01:22,278,290
9,true,4299,2021-01-13 14:08:43,395,137
4,true,2216,2020-06-18 06:14:40,84,536
1,true,1686,2020-09-08 06:16:45,229,912
4,false,4364,2020-09-26 09:11:25,188,681
3,true,3818,2020-08-24 15:35:25,140,989
1,false,3543,2020-09-14 04:55:12,69,398
1,true,6547,2020-11-25 06:15:59,182,440
5,false,7668,2020-08-22 14:39:09,60,710
3,true,1568,2020-05-24 18:26:18,47,696
10,true,2650,2020-12-14 10:45:22,77,799
10,true,4506,2020-04-22 06:12:09,413,908
10,false,1488,2020-12-26 05:49:34,71,334
5,true,4195,2020-05-20 13:20:20,392,458
6,false,7871,2020-06-26 11:33:47,446,865
7,false,4105,2020-07-24 05:05:16,311,257
5,false,4862,2020-08-07 11:53:26,284,170
9,true,2227,2020-04-30 00:29:49,51,15
2,false,5014,2020-06-11 07:31:27,244,997
3,true,8122,2020-07-14 11:40:09,298,220
6,false,2237,2020-08-19 08:10:54,319,702
7,false,497,2020-09-14 02:19:12,324,5
7,false,5373,2020-12-15 04:32:09,354,744
5,true,4533,2020-05-09 21:57:01,451,560
4,true,7192,2020-09-01 07:02:27,339,555
8,true,271,2020-12-04 15:08:10,308,51
2,true,2964,2020-08-04 20:49:27,447,853
6,false,3771,2020-06-09 23:16:37,67,936
7,true,293,2020-12-25 03:27:45,363,866
8,false,1625,2020-07-15 06:10:35,112,421
10,false,6089,2020-05-02 15:07:37,124,112
1,false,3653,2020-08-28 20:45:24,303,29
4,false,4876,2020-03-23 01:07:32,360,781
3,false,2675,2020-05-07 15:01:49,283,621
5,false,6040,2020-11-13 11:31:06,385,353
3,true,8378,2020-07-30 21:16:23,428,506
8,true,9554,2020-10-26 21:45:21,295,511
8,true,5827,2020-06-12 01:07:57,96,27
1,false,2205,2020-04-12 20:23:45,131,945
3,false,5708,2020-07-13 12:44:10,167,315
5,false,3282,2020-10-05 12:34:51,388,672
2,false,6920,2020-11-05 18:42:47,109,547
8,false,4479,2020-05-28 08:54:32,393,818
2,false,6682,2020-11-12 13:58:21,339,455
3,false,6136,2020-05-01 08:25:21,96,588
2,true,3684,2020-12-24 18:11:27,56,766
10,true,6466,2020-03-28 11:50:51,338,816
9,false,3279,2020-03-05 11:14:27,212,152
2,false,6445,2020-04-20 05:01:58,446,140
1,false,1983,2020-06-17 16:50:36,244,938
7,false,5195,2020-04-26 23:36:19,292,551
4,true,635,2020-04-19 22:55:15,244,190
10,true,6823,2020-09-06 01:13:02,193,830
8,false,4892,2020-07-06 15:46:50,47,576
2,false,4727,2020-03-06 02:17:20,97,477
4,false,9749,2020-11-15 04:24:33,22,39
8,false,8923,2020-01-20 18:18:19,264,832
1,false,383,2020-10-14 12:14:16,352,825
9,true,8775,2020-05-17 06:28:43,320,400
6,false,7157,2020-09-09 07:53:37,163,34
6,true,4433,2020-10-17 19:55:29,128,382
9,true,492,2020-07-17 09:09:43,451,109
4,true,302,2020-07-02 07:55:35,371,267
3,true,702,2020-05-08 15:41:20,327,996
1,false,5085,2020-08-11 17:18:35,200,806
1,true,383,2020-05-26 18:48:08,406,620
10,false,3602,2020-02-11 07:04:37,395,489
3,false,1625,2020-03-08 21:22:40,282,671
4,true,7386,2020-05-29 21:59:27,390,95
4,true,1710,2020-08-02 01:04:12,338,739
6,true,8322,2020-11-18 21:46:31,171,394
1,false,3928,2020-03-11 00:21:54,310,836
8,false,3812,2020-09-19 08:21:43,107,27
5,true,6848,2020-05-20 12:14:08,444,767
9,true,9040,2021-01-09 17:37:42,431,312
6,true,1372,2020-05-04 09:25:10,69,452
8,true,888,2020-02-20 02:55:42,129,525
5,false,7747,2020-04-05 14:33:45,202,941
3,false,399,2020-10-21 15:24:53,295,497
1,false,3059,2020-02-24 15:42:54,110,12
10,true,2191,2020-11-20 06:40:00,236,969
6,true,1155,2020-06-04 07:23:35,382,390
3,false,8725,2021-01-09 20:13:54,408,161
3,false,7679,2021-01-10 06:51:52,419,962
1,false,4683,2020-10-29 02:02:07,164,895
7,true,6889,2020-11-30 17:11:23,307,905
6,false,7265,2020-01-30 04:55:49,316,493
8,false,3786,2020-07-07 21:35:11,327,642
2,false,7895,2020-08-12 19:40:59,28,872
1,false,3873,2020-04-12 07:29:02,195,481
5,true,2310,2020-01-31 17:57:51,11,267
3,true,3644,2020-03-18 04:25:39,12,973
8,true,8956,2020-09-10 04:36:35,187,8
4,true,6819,2020-03-03 14:38:52,320,919
1,true,8985,2020-05-27 18:32:21,219,30
5,false,3973,2020-11-17 09:01:20,97,84
3,false,4071,2020-05-03 06:05:37,286,77
5,true,8438,2020-06-21 11:10:06,359,909
6,true,8205,2020-05-24 21:12:19,257,915
10,false,9963,2020-01-26 04:50:07,250,123
6,false,7351,2020-01-21 08:06:33,160,447
9,false,1623,2020-11-23 04:58:24,270,671
7,true,9191,2020-08-15 10:28:59,189,38
6,false,1918,2020-04-05 07:44:20,187,253
7,false,5331,2020-03-30 06:43:55,49,810
3,true,9186,2020-03-01 07:23:37,302,869
6,false,723,2020-02-29 04:32:30,221,185
3,true,1417,2020-08-22 01:50:18,281,584
8,false,9067,2020-12-10 01:39:46,352,86
10,true,1498,2020-11-20 15:32:07,152,519
10,true,4501,2020-03-04 17:11:45,374,602
9,true,9714,2020-05-03 05:53:32,139,251
6,false,5760,2020-03-20 06:11:03,157,702
1,true,2642,2020-09-24 19:14:07,42,863
3,true,9949,2020-04-17 07:08:14,431,43
5,false,4166,2020-07-16 04:47:59,56,736
5,true,6807,2020-12-04 18:24:29,206,731
4,false,5736,2020-09-09 19:54:45,119,960
1,false,299,2020-03-25 21:53:38,433,634
9,false,1037,2020-02-03 21:41:41,193,967
4,false,7671,2020-07-01 08:54:42,151,262
3,true,6703,2020-10-28 00:37:54,414,300
7,true,1861,2020-03-11 00:17:10,127,623
7,true,4824,2020-06-14 19:12:58,223,418
1,true,3867,2020-02-12 06:17:37,318,46
7,false,7281,2020-09-08 06:39:06,158,311
3,false,7051,2020-03-01 01:21:35,338,253
8,false,2186,2020-08-26 13:32:24,427,79
8,true,3259,2020-09-18 23:12:21,361,410
5,false,9386,2020-06-02 03:06:46,376,366
7,false,1121,2020-10-09 14:53:09,220,420
6,true,3021,2020-09-16 09:27:18,50,777
9,false,7089,2020-09-19 07:57:49,229,88
5,true,4793,2020-10-07 13:09:26,132,709
6,true,5650,2020-11-02 00:38:12,382,562
2,false,9394,2020-11-26 20:29:29,273,962
10,true,2539,2020-02-10 14:03:58,225,825
7,false,442,2020-04-13 04:01:53,100,313
4,false,7194,2020-06-16 22:15:20,436,327
6,false,322,2020-05-19 00:58:45,235,428
3,false,8912,2020-09-03 18:39:43,329,781
8,true,4306,2020-03-12 01:39:48,78,454
5,false,1626,2020-04-11 21:51:39,11,430
6,true,642,2020-09-28 16:57:46,291,918
1,false,1748,2020-01-20 15:13:04,166,656
6,false,8442,2020-11-12 07:00:51,113,960
1,false,1257,2020-08-13 13:15:01,54,303
6,true,6113,2020-10-16 17:49:39,211,714
4,false,2337,2021-01-02 22:26:28,197,768
4,false,4260,2020-08-10 17:04:37,316,843
10,true,8060,2020-08-06 23:02:49,82,99
5,true,3032,2020-08-02 20:05:07,202,50
7,true,4510,2020-10-28 08:54:21,320,598
9,false,2613,2020-07-16 20:07:23,123,232
7,true,9983,2020-02-22 16:11:55,99,889
1,false,1842,2020-03-10 13:20:57,266,779
7,true,6935,2020-11-13 19:04:21,237,334
9,true,6025,2020-05-04 13:55:29,334,673
4,true,1441,2021-01-01 16:07:09,396,262
5,true,7032,2020-03-19 06:21:58,317,801
3,false,7726,2020-06-19 18:10:11,184,414
9,false,8210,2020-03-19 12:33:31,84,41
6,false,9261,2020-12-21 13:56:53,246,613
5,true,1672,2020-03-12 21:28:28,268,767
3,true,2367,2020-05-18 05:06:07,36,310
10,true,7515,2020-11-08 21:30:09,333,435
2,true,4760,2020-06-26 07:16:17,63,16
1,true,1412,2020-11-14 08:07:25,315,143
4,false,3493,2020-06-15 14:07:41,231,141
6,true,3644,2021-01-07 03:32:42,175,438
2,false,2276,2020-06-08 13:08:38,86,820
4,false,4207,2020-02-03 02:24:16,260,916
10,false,3425,2020-07-13 06:09:48,189,415
3,false,892,2020-05-02 17:31:57,301,127
5,false,7738,2020-07-05 12:49:19,428,365
9,true,1821,2020-12-02 21:33:16,293,693
10,false,9531,2020-06-23 12:09:06,395,628
1,false,5062,2021-01-09 19:02:41,19,455
1,true,1036,2021-01-08 08:07:16,9,956
5,false,4927,2020-05-13 02:58:42,168,683
2,false,5105,2020-08-15 07:47:43,130,108
6,false,3762,2020-07-24 23:31:08,89,295
5,false,599,2020-06-09 16:13:12,222,506
10,true,3972,2020-12-27 00:21:05,400,734
7,true,764,2020-09-28 03:51:49,184,953
10,false,669,2020-10-31 15:33:59,340,760
4,true,1638,2020-07-23 07:03:47,204,450
7,false,7925,2020-09-05 22:55:51,283,991
5,false,1848,2020-08-27 22:49:45,385,513
3,true,4012,2020-05-04 01:35:13,293,902
5,true,7020,2020-10-09 14:38:28,21,856
7,false,4441,2020-03-28 14:05:30,151,591
9,false,4530,2020-07-07 23:19:35,185,798
9,false,3862,2021-01-11 00:55:42,385,380
3,true,4714,2020-10-31 09:16:51,112,150
1,true,5596,2020-09-07 18:28:34,78,940
8,true,1379,2020-11-29 22:22:02,441,271
2,false,1486,2020-05-10 20:59:10,172,444
2,false,1364,2020-08-16 09:10:44,236,85
2,true,4169,2020-07-15 22:15:45,345,697
10,false,9414,2020-10-20 21:31:05,113,664
1,true,9408,2020-09-23 04:28:16,244,331
7,true,6456,2020-02-27 12:18:32,52,915
3,false,2262,2020-11-30 06:37:33,57,110
4,false,3052,2020-11-15 09:51:58,276,814
4,false,3292,2020-12-13 20:37:40,176,431
3,true,1833,2020-02-26 02:24:04,442,525
7,false,1715,2020-04-16 12:54:39,88,239
3,false,9459,2020-10-22 19:32:08,21,152
7,false,7477,2020-12-21 18:59:44,67,219
6,false,6050,2020-11-19 18:58:33,27,743
5,false,9349,2020-04-01 16:05:36,38,114
5,false,7949,2020-09-29 22:40:53,362,70
2,true,8795,2020-03-29 09:17:05,302,716
8,false,8815,2020-07-26 16:13:51,161,457
2,false,7953,2020-08-26 03:41:18,447,652
3,false,6416,2020-03-06 01:03:58,122,77
10,true,9257,2020-05-10 07:21:24,435,949
9,true,9560,2020-07-22 04:16:48,342,981
10,false,8510,2020-04-19 22:48:55,76,393
10,true,8764,2020-11-09 08:58:45,42,685
5,true,1708,2021-01-11 16:01:28,358,875
10,false,3808,2020-09-27 12:18:42,79,424
9,false,3097,2020-11-14 04:55:26,386,794
10,true,3743,2020-06-23 05:58:46,123,333
9,false,2048,2020-02-09 06:43:46,281,407
1,false,8930,2020-09-26 01:35:46,118,320
6,true,697,2020-07-09 09:00:37,373,393
6,true,7388,2020-03-09 13:06:34,269,31
7,false,2498,2020-06-21 04:13:29,18,16
8,true,5478,2020-02-21 08:50:34,105,411
9,true,4853,2020-02-10 09:39:48,97,45
1,false,240,2020-06-17 16:41:20,180,266
1,false,4521,2020-02-22 12:10:19,352,535
4,false,7777,2020-06-19 09:57:29,52,848
7,false,1443,2020-04-27 07:31:42,440,412
9,true,1867,2020-07-25 14:53:06,186,319
5,false,1228,2020-06-07 20:20:59,263,229
7,false,6955,2020-03-01 05:52:23,184,130
4,true,587,2020-05-04 19:16:40,447,818
4,false,6167,2020-05-20 16:40:35,272,25
3,false,6399,2020-12-21 12:15:06,149,267
5,true,5860,2021-01-10 21:50:51,324,670
6,false,2352,2020-03-03 17:11:33,253,481
1,false,4782,2020-09-14 15:37:53,17,781
2,false,7949,2020-04-28 02:11:58,289,966
2,true,5007,2020-07-27 11:45:12,205,634
10,true,4345,2020-11-17 04:18:08,89,881
9,false,8203,2021-01-05 11:45:15,439,46
6,true,5039,2020-08-04 06:17:45,358,913
4,true,7067,2020-07-31 13:31:16,248,18
3,true,6711,2020-03-02 20:43:34,331,957
7,false,9869,2020-09-16 10:05:33,275,596
10,false,4985,2020-04-29 20:02:34,349,205
8,false,4239,2020-03-28 17:32:26,415,662
7,true,5312,2020-04-27 17:56:00,342,80
1,false,705,2020-01-29 23:08:21,317,644
8,true,4066,2020-05-27 22:22:10,177,899
1,true,2491,2020-09-03 22:36:29,245,28
7,true,2961,2020-08-02 13:39:37,254,765
8,true,3975,2020-02-12 11:33:53,342,291
6,false,1771,2020-09-22 09:53:40,142,648
6,true,3885,2020-04-07 16:06:17,10,683
2,true,9353,2020-06-20 17:00:40,231,579
1,true,2538,2020-07-15 11:44:52,283,55
3,false,274,2020-11-19 18:01:07,80,453
7,true,820,2020-06-29 12:38:28,324,103
3,false,9061,2020-03-01 18:18:06,296,417
10,true,9746,2020-12-20 16:14:36,14,48
4,false,2983,2020-04-22 23:26:20,248,906
7,false,647,2020-02-08 03:26:10,253,16
8,false,9021,2020-06-18 16:20:35,394,446
1,true,6467,2020-05-04 06:55:45,335,554
3,false,7190,2020-04-30 11:30:45,204,203
7,true,8861,2020-04-22 02:25:37,433,336
2,false,9229,2020-06-07 14:43:56,37,563
4,false,4172,2020-03-22 11:39:00,330,280
7,false,7487,2020-10-10 13:12:41,126,216
6,true,1301,2020-04-10 23:16:21,331,408
3,false,5902,2020-12-16 13:29:14,107,68
7,false,5179,2020-10-23 13:44:08,161,172
1,false,8293,2020-05-17 20:59:32,222,766
4,true,7353,2020-06-11 03:03:04,297,795
3,false,8393,2020-02-11 05:35:02,209,15
10,true,9406,2020-12-15 00:28:29,358,864
5,false,5851,2020-05-08 06:35:00,322,182
3,true,1727,2020-03-20 09:54:06,188,924
4,false,4153,2020-09-16 04:25:13,280,312
9,false,9898,2020-11-15 15:16:20,92,782
3,false,7636,2020-05-25 22:39:20,98,730
3,true,2425,2020-07-26 17:13:34,201,771
9,false,9050,2020-06-21 07:13:40,89,702
6,false,1790,2020-03-27 07:23:23,336,873
8,true,9393,2020-03-24 20:29:11,420,176
10,false,2928,2020-10-02 15:18:22,123,122
2,false,7657,2020-08-03 04:11:55,221,509
2,true,809,2020-03-07 15:30:58,149,715
3,false,9768,2020-03-13 19:14:51,155,286
6,true,5138,2020-01-23 14:12:07,163,217
1,true,5714,2020-03-08 12:16:01,162,555
6,true,4840,2020-04-30 00:37:18,127,583
9,false,3500,2020-09-23 21:59:55,423,37
3,false,4206,2020-06-01 10:08:50,15,429
7,true,4917,2020-10-21 06:37:33,40,730
2,true,5870,2020-01-21 08:09:25,388,630
9,false,652,2020-05-03 15:21:20,324,713
10,true,1828,2020-03-11 14:40:50,238,56
7,true,5559,2020-02-29 00:27:01,449,666
1,false,8621,2020-07-03 23:40:58,222,235
10,true,6921,2020-02-26 00:18:19,207,119
7,false,8134,2020-01-29 14:16:37,351,901
4,false,3740,2020-09-08 01:02:52,379,293
9,true,3491,2020-06-17 12:46:51,271,776
9,false,3425,2020-10-24 15:42:29,126,743
4,false,8841,2020-10-11 00:58:47,326,835
4,true,8644,2020-03-29 00:34:58,359,83
7,true,4303,2020-09-28 07:20:17,135,960
10,true,6057,2020-09-18 04:17:27,305,703
2,true,9412,2020-06-11 11:28:18,36,781
6,false,5437,2020-05-27 21:25:50,297,13
1,false,1734,2020-06-19 07:42:04,303,307
10,false,1729,2020-09-16 13:10:16,264,224
3,true,5375,2020-10-27 21:26:07,19,769
7,false,6905,2020-10-02 08:25:14,333,415
6,false,6602,2020-07-08 19:01:25,180,418
4,false,4649,2020-04-26 06:51:25,141,546
8,true,6222,2020-07-03 12:57:18,108,76
1,true,7972,2020-05-02 06:41:50,315,602
7,true,5166,2020-12-21 07:10:11,213,104
8,false,5560,2020-11-04 07:57:13,428,455
2,false,7898,2020-09-18 08:18:51,268,497
10,true,1953,2020-11-28 22:03:41,370,895
9,false,4691,2020-12-19 19:03:21,158,826
3,true,7197,2020-09-19 09:29:53,22,622
7,true,4662,2020-11-05 05:34:45,407,197
5,false,6264,2020-09-07 22:36:28,13,13
1,true,8917,2021-01-01 05:41:23,71,516
6,false,2349,2020-10-10 15:53:45,196,911
3,true,7678,2020-05-05 21:17:04,67,1000
2,true,5923,2020-07-06 20:20:29,23,506
7,false,710,2020-03-08 05:00:40,350,109
7,true,9077,2020-06-28 12:20:50,288,644
5,true,2061,2020-08-22 13:14:35,354,192
10,false,9443,2020-11-14 06:04:36,368,398
6,true,1958,2020-10-14 01:59:54,391,89
10,true,2787,2020-03-16 10:22:05,160,276
8,false,6802,2020-02-05 00:45:46,128,850
4,false,4168,2020-04-22 08:21:28,185,601
9,false,9162,2020-07-11 12:50:04,40,881
5,false,8339,2020-09-10 18:33:09,32,125
9,false,1343,2020-05-11 09:30:07,299,876
8,true,8151,2020-02-27 00:32:20,349,835
9,false,7168,2020-06-24 02:24:50,247,403
2,false,838,2020-06-26 23:12:07,321,908
7,true,1700,2020-05-22 16:12:07,128,353
8,true,9082,2020-07-07 14:02:33,175,208
5,false,282,2020-01-19 02:52:30,215,975
5,false,9907,2020-06-29 04:37:55,85,567
10,true,8883,2020-07-05 19:27:18,298,783
5,true,5988,2020-06-19 15:13:38,152,312
4,false,1861,2020-07-06 19:25:11,294,604
4,true,625,2020-08-13 21:29:21,109,181
9,false,6460,2020-04-13 03:02:13,198,424
8,false,9659,2020-09-30 13:05:13,141,441
1,false,5065,2020-04-05 21:04:20,345,693
8,true,3773,2020-02-27 08:32:02,332,768
5,false,4378,2020-02-05 21:30:19,300,897
9,false,4589,2020-12-21 07:44:43,99,842
8,true,7772,2020-06-27 05:40:22,145,1000
6,false,6508,2020-04-18 15:07:31,450,673
1,false,396,2020-04-20 10:31:34,253,649
4,false,4462,2020-02-27 09:17:51,393,498
3,false,911,2020-09-18 21:54:13,189,920
8,true,2169,2020-02-27 17:46:14,57,542
1,true,9558,2020-02-19 20:56:19,224,140
10,true,6113,2020-11-12 21:52:14,218,387
9,true,9758,2020-03-30 05:11:29,180,199
3,true,5594,2020-03-28 17:36:46,381,356
1,false,7293,2020-12-26 04:14:41,91,956
8,true,4146,2020-05-29 09:35:15,431,341
2,true,6426,2020-10-19 14:09:34,85,894
5,false,6186,2020-03-26 19:43:34,314,655
8,false,2894,2020-09-26 12:31:57,245,959
4,true,419,2020-07-02 12:53:40,21,472
9,false,4683,2020-03-24 11:38:21,373,309
8,false,2584,2020-09-16 20:43:47,325,587
8,false,7835,2020-07-21 19:15:13,208,483
3,true,1146,2020-04-19 12:05:22,332,896
8,false,679,2020-04-14 22:06:58,297,975
6,true,7131,2020-04-27 18:03:34,305,706
10,true,4757,2020-11-06 00:16:02,299,470
7,true,2768,2020-01-22 11:13:46,411,834
2,true,1902,2020-02-08 02:14:33,372,202
7,false,2351,2020-12-10 01:44:40,195,337
5,false,3609,2020-01-29 13:59:54,141,436
8,false,6475,2020-01-27 06:56:30,205,491
2,false,5314,2020-12-24 07:30:20,79,645
2,true,203,2020-11-02 18:31:24,402,24
3,false,6852,2020-04-16 12:20:23,318,957
4,true,8866,2020-01-22 22:22:26,244,820
4,true,5580,2020-01-25 15:41:54,256,595
5,false,6279,2021-01-03 05:37:49,425,173
8,false,2392,2020-12-26 15:27:32,396,370
2,false,8072,2021-01-08 02:47:48,181,451
5,false,9945,2020-09-18 07:48:40,268,312
4,true,9843,2020-11-07 14:15:15,389,357
4,true,2595,2020-07-16 16:44:14,176,373
2,false,1083,2020-03-25 07:29:11,427,986
10,false,3982,2021-01-03 05:30:49,318,416
7,true,3644,2020-06-30 14:49:41,217,460
2,true,1812,2020-08-16 10:20:02,10,903
2,true,4832,2020-04-22 03:43:48,410,351
6,true,4369,2020-02-13 09:13:18,74,879
8,false,9311,2020-07-12 06:51:16,258,24
4,true,7857,2020-05-07 00:16:25,67,794
9,false,6429,2020-06-17 13:20:06,77,874
5,true,5228,2020-12-09 20:12:19,76,751
5,true,8139,2020-11-16 23:38:48,381,319
2,true,2574,2020-08-08 00:19:39,65,930
8,true,7355,2020-01-20 20:45:02,278,47
1,false,4020,2020-07-07 16:10:33,338,577
6,true,883,2020-03-03 04:22:21,60,103
5,false,3845,2020-07-22 01:26:08,5,840
2,false,1299,2020-03-13 15:58:54,93,203
3,true,2455,2020-05-02 13:08:21,141,538
2,true,6903,2020-06-30 03:11:06,117,12
5,false,5297,2020-04-19 17:10:38,371,147
4,false,3350,2020-03-18 00:42:16,397,51
6,false,723,2020-05-28 13:17:49,376,773
3,false,4174,2020-08-15 16:44:05,159,365
2,false,4829,2020-03-07 17:05:23,263,811
6,false,6615,2020-09-18 11:39:40,36,352
4,false,2307,2021-01-02 22:49:53,234,870
9,true,6483,2020-12-12 12:02:32,42,240
5,false,8321,2020-04-21 05:06:06,423,706
8,true,4291,2020-06-26 15:16:51,443,320
2,false,7949,2020-07-05 16:10:54,40,449
3,true,5215,2020-04-30 01:01:40,293,105
1,false,6185,2020-03-31 11:44:36,405,50
10,false,628,2020-07-07 04:20:16,215,531
2,true,832,2020-07-28 23:54:07,155,63
9,true,7050,2020-07-19 17:35:49,304,209
1,true,7248,2020-11-24 19:53:26,262,185
2,true,2867,2020-01-24 10:08:16,229,335
10,false,4815,2020-06-14 19:54:40,185,578
4,false,2003,2020-02-01 00:45:02,217,884
10,false,8954,2020-07-27 04:25:35,116,773
2,false,6821,2020-05-24 11:35:00,385,785
3,false,5307,2020-10-22 01:14:58,281,504
7,true,7403,2020-02-17 23:37:42,375,420
8,false,1114,2020-08-12 18:18:05,264,3
9,true,8179,2020-07-13 02:21:37,305,787
5,false,9607,2020-06-04 23:26:59,152,75
2,false,1703,2020-08-18 15:08:15,149,734
9,true,5521,2020-07-30 01:25:33,270,50
10,false,7427,2020-09-20 10:47:21,262,206
3,true,7937,2020-08-28 12:43:51,86,269
8,true,2652,2020-10-06 10:09:51,291,810
8,false,1159,2020-05-21 14:12:39,59,568
2,true,7921,2020-05-16 01:25:19,148,279
5,false,2874,2020-07-27 19:45:12,176,302
5,true,9393,2020-08-23 16:43:22,16,191
2,true,3194,2020-09-19 13:39:39,261,301
4,false,1926,2020-12-17 00:25:47,107,959
5,true,9775,2020-03-15 12:31:55,156,953
5,true,9565,2020-11-04 18:17:08,262,806
5,true,4968,2020-07-18 19:37:18,341,367
6,true,361,2021-01-04 03:33:57,85,75
5,true,872,2020-08-19 00:05:48,375,980
6,false,7785,2020-11-22 23:13:43,56,14
9,false,3512,2020-01-19 21:46:16,404,214
7,true,9905,2020-01-27 21:49:41,7,455
1,false,1683,2020-05-31 16:50:32,229,745
5,true,7752,2020-08-25 19:40:20,28,236
9,false,6944,2020-05-07 19:46:38,374,910
10,true,4947,2020-06-13 20:56:38,37,765
8,true,2185,2020-05-16 21:34:46,83,719
10,false,4650,2020-04-23 06:43:28,145,47
4,false,8042,2020-06-03 06:42:23,251,464
6,false,2763,2020-06-01 01:10:23,285,845
6,true,534,2020-07-15 08:06:36,220,883
9,true,1454,2020-05-16 05:14:55,361,51
2,true,894,2020-08-26 03:58:34,128,128
9,true,5715,2020-04-23 05:52:35,174,979
1,true,4852,2020-12-01 11:06:33,275,597
6,true,6463,2020-06-25 23:57:05,188,792
6,false,9688,2020-09-03 16:24:04,7,826
4,true,632,2020-05-06 10:25:04,438,787
10,true,7350,2020-06-27 12:41:49,242,606
5,false,9974,2020-04-19 23:24:51,450,99
2,false,8615,2020-09-05 10:38:05,364,680
2,false,9618,2020-12-21 06:32:08,146,158
6,true,602,2020-11-05 08:56:02,99,700
5,false,5794,2021-01-01 16:37:46,41,788
8,false,308,2020-07-04 07:31:18,443,411
2,false,3263,2020-04-20 04:55:39,141,996
9,true,7255,2020-07-26 21:29:57,104,15
7,false,7680,2020-03-25 14:52:08,339,997
9,true,8968,2020-03-10 22:10:38,251,507
10,false,7638,2020-08-11 11:32:14,333,854
1,true,705,2020-06-24 01:51:12,177,18
8,false,9073,2020-05-20 07:26:36,154,485
5,false,7835,2020-09-18 02:22:16,296,463
5,false,6121,2020-10-07 01:23:50,202,186
3,true,8731,2020-10-13 12:26:09,287,889
5,false,7980,2020-05-19 14:49:14,342,487
5,true,2286,2020-03-27 23:05:37,267,762
8,true,9423,2020-05-22 08:36:09,402,989
10,true,5573,2020-03-31 04:36:49,210,192
1,false,5367,2020-10-26 00:42:33,218,864
2,false,273,2020-06-14 05:30:30,256,863
3,false,2627,2020-02-12 21:44:32,435,812
7,false,4521,2020-02-10 10:43:01,319,81
6,true,7307,2020-12-19 18:43:55,367,735
9,false,8591,2020-01-23 16:04:15,262,785
8,true,5811,2020-06-26 00:23:33,16,279
8,false,3987,2020-11-25 03:53:28,314,656
4,true,2144,2020-08-18 08:59:32,410,637
5,false,6737,2020-09-07 21:19:04,7,320
7,false,6400,2020-04-15 11:00:57,421,666
5,true,1190,2020-08-13 11:25:11,63,949
7,true,9401,2020-05-16 13:04:23,255,961
3,false,5066,2020-07-11 11:11:19,105,853
6,false,8893,2020-07-22 16:29:45,19,473
3,true,3439,2020-12-05 06:11:03,191,91
10,true,8608,2020-09-26 03:17:32,340,992
2,false,4222,2020-11-09 09:22:40,287,396
5,false,9097,2020-03-23 05:13:02,93,464
7,false,5849,2020-01-19 09:41:15,443,141
8,false,8228,2020-04-14 07:42:56,183,767
3,false,3332,2020-09-09 00:29:32,292,90
6,false,9717,2020-08-01 21:35:54,220,626
6,true,8082,2020-11-14 03:50:38,281,432
5,false,4668,2020-05-10 19:23:23,157,413
7,false,739,2020-03-25 22:28:30,451,684
1,false,3852,2020-12-20 02:20:25,342,87
7,true,2822,2020-08-02 04:54:35,445,32
2,true,9609,2020-08-03 14:38:14,273,352
9,true,1585,2020-07-17 02:19:37,264,230
3,true,5211,2020-05-04 19:08:21,234,181
4,true,6054,2020-10-13 08:18:33,265,910
2,true,407,2020-12-05 17:10:14,334,623
1,true,1963,2020-11-11 07:51:23,2,17
8,false,1085,2020-04-08 20:02:40,194,768
3,false,5793,2020-01-20 20:06:54,254,51
4,false,758,2020-10-26 09:00:00,422,660
2,false,2006,2020-12-10 19:52:18,28,349
2,true,6188,2020-05-16 17:15:20,394,458
7,false,630,2020-07-07 06:00:50,238,171
9,false,3924,2020-12-23 17:39:46,191,792
7,true,3601,2020-07-05 21:36:58,369,553
3,false,6935,2020-12-21 16:51:42,308,76
6,true,1922,2020-06-22 02:58:34,93,844
1,true,4231,2020-06-06 13:52:53,247,647
4,true,4348,2020-12-08 04:31:33,277,198
3,true,5487,2020-12-15 15:22:53,56,732
6,false,5889,2020-09-02 15:04:39,286,589
7,false,8867,2020-08-29 08:42:43,297,609
1,true,6588,2020-07-31 07:43:22,78,7
4,false,7686,2020-03-14 17:06:36,18,398
6,false,3145,2020-02-18 06:04:25,261,462
2,false,2901,2020-04-26 20:09:21,252,958
10,false,8601,2020-12-21 01:51:32,114,105
5,false,4361,2020-04-26 07:47:02,22,486
7,true,8330,2020-07-28 02:51:35,184,332
2,true,2913,2020-02-09 02:16:09,80,664
10,true,2601,2020-08-16 17:29:00,427,556
4,false,3289,2020-07-24 07:38:58,106,976
1,true,5548,2020-09-11 20:03:46,113,267
4,false,7322,2020-01-15 20:34:11,206,725
3,false,9022,2020-11-24 04:34:13,232,147
8,false,2708,2020-06-07 04:03:33,443,424
8,true,8828,2020-03-01 04:31:01,323,306
4,false,6780,2020-10-23 08:21:02,322,67
1,true,4139,2020-09-19 05:32:47,233,806
1,true,582,2020-10-03 18:41:37,417,501
3,false,3090,2020-10-02 17:50:35,393,425
10,false,836,2020-05-22 01:50:30,138,687
3,true,3481,2020-10-05 23:11:02,295,79
7,false,9354,2020-09-11 10:30:08,368,779
5,false,6764,2020-12-08 05:21:25,307,289
9,true,1210,2020-05-31 06:32:00,345,752
10,false,3649,2020-02-05 20:31:16,363,220
6,true,6161,2021-01-08 04:16:54,79,197
3,false,1063,2020-07-03 22:51:10,262,535
9,false,1554,2020-08-03 21:10:23,393,477
9,true,2148,2020-01-27 07:29:48,311,428
2,false,9977,2020-06-21 18:49:17,416,651
6,false,4845,2020-09-25 07:19:49,326,718
1,true,1139,2020-03-14 14:31:30,219,863
6,true,3560,2020-02-26 03:11:05,413,852
8,true,4169,2020-07-08 19:09:20,218,281
1,false,9442,2020-12-29 02:09:14,88,230
5,true,4930,2020-08-21 09:26:28,270,769
9,true,1733,2020-11-27 10:41:07,294,369
7,false,9102,2020-05-23 00:46:02,252,798
9,true,5152,2020-09-08 16:21:09,106,414
1,true,2698,2020-10-12 22:23:23,148,865
1,true,8817,2020-03-18 17:01:06,134,123
8,true,1770,2020-06-30 07:56:22,253,689
2,false,3506,2020-06-22 22:44:44,179,140
7,false,5410,2020-05-19 16:07:17,163,441
7,false,4384,2020-11-30 17:34:56,360,399
5,false,5589,2020-12-04 02:25:49,291,292
2,false,4612,2020-10-23 14:41:28,403,39
2,false,9924,2020-01-14 07:49:30,146,580
9,false,5338,2020-09-15 02:59:09,54,309
5,true,8330,2020-06-07 16:05:46,427,388
1,false,4391,2020-03-06 02:55:00,335,838
5,false,475,2020-06-14 18:15:47,31,236
3,false,7972,2020-10-03 22:32:05,55,504
9,false,7517,2020-03-03 08:07:41,301,969
6,false,8181,2020-06-12 04:17:34,348,391
3,true,2521,2020-06-13 21:50:08,113,997
7,true,1273,2020-08-02 10:35:32,292,987
10,true,4044,2020-04-11 22:02:14,35,277
6,true,8271,2020-12-15 14:21:01,376,13
10,true,8234,2020-10-22 05:58:48,383,178
4,true,4869,2020-11-28 14:52:44,5,375
2,false,1643,2020-11-03 16:21:15,432,203
7,false,5415,2020-05-25 09:58:37,439,728
7,false,5648,2020-05-01 11:27:10,285,465
7,true,7982,2020-11-15 09:27:45,38,457
10,true,850,2020-05-09 13:07:45,342,505
2,true,4775,2020-03-25 07:18:41,38,188
4,true,3987,2020-10-23 03:51:22,356,679
10,false,6816,2020-10-30 17:13:00,39,450
5,false,7570,2020-02-13 21:16:54,335,445
10,true,3994,2020-02-22 18:59:44,297,904
8,false,6665,2020-09-23 07:25:00,240,166
4,false,1286,2020-03-31 02:52:15,34,871
8,true,6849,2020-06-18 00:57:33,239,159
4,true,4134,2020-04-01 00:50:46,286,29
2,false,9319,2020-07-03 09:40:47,231,891
9,true,4960,2020-10-25 05:08:05,416,690
7,false,949,2020-11-16 15:29:21,430,905
3,true,352,2020-11-22 20:18:28,109,967
6,true,9215,2020-06-16 17:08:03,284,273
2,false,8292,2021-01-08 01:17:06,359,227
5,true,2852,2020-04-21 23:20:50,60,490
5,false,5753,2020-12-25 14:41:47,107,690
9,true,3743,2020-11-06 19:26:57,257,444
10,true,7009,2020-04-25 04:53:25,159,701
8,false,668,2020-12-27 20:18:59,355,557
6,true,2771,2020-12-04 10:19:51,213,15
10,true,5970,2020-11-12 21:15:07,289,848
10,false,1508,2020-04-16 19:03:54,271,95
2,true,1429,2020-09-04 05:24:49,43,74
5,false,4010,2020-10-03 18:58:50,251,654
5,true,9862,2020-08-02 00:13:12,89,754
7,false,4130,2020-02-01 04:28:22,293,965
6,true,8634,2020-08-03 18:23:12,264,843
9,false,5995,2020-05-25 10:07:00,247,541
10,true,5223,2020-01-19 05:13:34,423,931
6,false,6012,2020-03-10 00:27:41,302,935
2,false,5859,2020-12-16 03:58:41,442,735
1,true,7880,2020-10-29 06:56:54,424,893
10,true,929,2020-07-28 03:50:02,301,742
7,true,5929,2020-08-15 04:48:37,262,238
2,true,5355,2020-10-01 19:27:48,193,512
3,false,3841,2020-09-09 17:40:50,435,31
4,false,9184,2020-06-08 01:13:48,191,990
6,true,9448,2020-01-17 00:09:39,444,260
9,true,611,2020-02-14 01:21:48,107,691
8,false,6205,2020-06-06 17:00:50,318,29
1,false,3107,2020-06-04 02:36:14,140,879
2,true,2592,2020-03-23 05:27:04,12,456
6,true,8188,2021-01-07 08:34:44,154,588
7,true,8973,2020-08-28 03:40:23,417,307
9,true,9322,2020-12-01 18:59:48,38,156
2,true,547,2020-03-02 17:59:58,139,885
5,true,8931,2020-06-28 13:00:15,41,754
2,false,1326,2020-01-19 16:31:56,239,6
5,true,7689,2020-05-29 10:28:48,32,322
2,true,6102,2020-08-13 13:57:54,329,333
9,true,4455,2020-02-01 08:16:28,447,143
4,true,8588,2020-07-09 20:17:30,175,800
6,true,9372,2020-04-16 00:07:16,75,654
5,true,2702,2020-02-07 12:44:07,46,873
4,false,6452,2020-11-03 11:09:17,176,203
1,false,5735,2020-10-26 16:36:48,261,164
9,true,4328,2020-09-04 22:55:51,81,924
8,true,8353,2020-03-17 08:18:22,96,812
8,true,7815,2020-07-06 23:19:44,290,224
8,false,4431,2020-04-21 03:29:30,262,452
2,true,4701,2020-09-02 08:29:30,397,39
1,false,8819,2020-11-10 22:49:32,138,993
10,false,3107,2020-12-06 06:41:10,124,12
3,false,6764,2020-10-16 17:34:03,64,957
8,true,4306,2020-01-21 15:48:52,146,517
7,true,4436,2020-04-27 08:32:16,195,607
8,false,3704,2020-11-07 21:59:43,376,468
7,true,8039,2020-09-23 17:35:33,1,289
1,false,2585,2020-11-16 22:04:48,175,794
8,false,7386,2020-10-04 22:15:05,156,200
2,true,6774,2020-03-02 14:48:23,295,625
5,false,7287,2020-11-24 00:12:31,62,838
4,false,1651,2020-01-18 18:07:23,47,880
5,true,4223,2020-06-19 07:28:24,368,948
6,false,6692,2020-10-02 21:24:51,255,473
6,true,2192,2020-12-18 05:26:10,220,683
4,true,3142,2020-10-31 11:31:03,346,850
4,false,6280,2020-07-06 23:14:43,14,67
8,true,5616,2020-01-16 23:39:24,222,727
1,true,1079,2020-04-16 12:49:54,403,578
1,false,2331,2020-01-14 10:07:20,309,514
5,true,1648,2020-11-11 22:26:39,357,782
1,false,285,2020-12-21 19:11:45,430,450
6,false,6649,2020-04-01 11:18:34,432,859
6,false,5155,2020-12-13 20:45:18,153,800
8,true,5605,2020-11-15 13:15:44,169,145
5,true,2611,2020-07-01 00:28:50,439,245
10,true,3773,2020-09-01 20:47:10,363,309
8,false,935,2020-05-11 14:49:13,434,253
9,false,8442,2021-01-13 06:07:02,218,160
10,false,8814,2020-05-30 02:40:21,181,508
5,false,6074,2020-08-21 06:02:01,417,467
3,false,6303,2020-11-29 17:49:53,224,740
9,true,3517,2020-03-24 20:52:13,139,777
6,false,2615,2020-12-02 23:31:13,31,968
7,true,8361,2020-05-30 12:06:12,265,475
10,false,9326,2020-09-25 22:56:53,348,45
1,true,2841,2020-10-06 18:06:41,362,246
7,true,7382,2020-08-21 19:34:45,279,909
6,false,4993,2020-02-26 01:06:01,148,752
9,true,1223,2020-03-28 03:14:07,232,776
6,false,2604,2020-06-11 04:56:17,25,307
3,true,2062,2020-06-23 12:46:21,280,668
7,false,7533,2020-10-07 19:59:51,149,771
8,true,6770,2020-09-19 01:55:42,294,197
7,false,3677,2020-11-23 21:24:02,252,711
1,true,9161,2020-06-05 18:33:24,370,621
8,false,4649,2020-11-01 19:39:48,239,402
4,false,4808,2020-11-19 22:04:21,343,150
2,true,4454,2020-07-30 09:09:23,160,380
10,false,8720,2020-04-13 20:43:29,67,835
5,true,8577,2020-02-14 10:00:34,253,195
2,false,5819,2020-01-21 10:31:34,371,742
2,false,3958,2020-01-26 05:17:30,155,644
1,false,5637,2020-08-28 09:18:54,173,17
5,true,6389,2020-07-31 08:02:21,127,337
6,true,920,2020-10-12 00:14:03,410,878
2,true,859,2020-07-02 07:52:47,164,372
6,false,3436,2020-05-09 16:11:22,102,323
7,false,346,2020-05-17 05:32:33,136,596
4,false,2163,2020-12-04 01:08:59,158,234
3,false,9934,2020-09-29 14:08:06,396,143
5,true,4298,2020-04-02 16:23:50,76,371
6,false,9119,2020-02-27 08:55:09,133,36
10,true,5383,2020-09-21 17:12:33,236,399
4,true,7323,2020-10-11 08:31:19,229,490
10,true,4380,2020-12-28 13:56:24,446,538
6,false,8813,2020-05-27 11:21:51,202,114
1,true,8074,2020-02-13 01:26:10,362,741
10,false,4517,2020-09-22 04:13:06,9,473
6,false,5559,2020-09-09 04:05:22,94,505
4,true,7009,2020-10-14 21:06:27,337,402
5,false,4877,2020-02-23 03:15:34,203,961
9,false,2387,2020-03-22 22:40:44,365,968
4,false,7484,2020-02-24 06:28:32,53,416
6,true,3850,2020-07-26 12:33:28,209,463
3,false,2807,2020-06-05 02:09:45,180,815
9,true,2793,2020-11-15 12:03:03,187,104
5,false,9326,2020-11-14 09:21:07,278,54
10,false,6329,2020-06-04 07:31:42,344,124
10,false,4173,2020-10-19 00:00:42,444,568
10,true,8744,2020-04-27 15:14:30,57,617
4,true,418,2020-03-20 18:36:26,237,232
8,true,1747,2020-12-16 08:28:53,102,370
5,false,5650,2020-07-15 13:30:00,239,368
8,true,8093,2020-12-25 17:43:04,179,685
9,false,6554,2020-10-25 03:33:00,18,22
3,true,9728,2020-02-14 16:58:31,238,342
4,true,4297,2020-07-02 03:35:17,150,626
3,true,7348,2020-06-01 18:59:47,257,2
2,false,6372,2020-05-18 08:42:16,414,593
5,true,7095,2020-09-25 15:12:00,194,21
6,false,3685,2020-11-10 03:42:28,255,454
10,false,6663,2020-06-12 18:23:44,443,941
10,false,8781,2020-10-02 03:37:34,188,842
8,true,8001,2020-06-01 23:28:32,364,293
10,false,2339,2020-11-02 17:27:31,448,429
9,true,8986,2020-07-01 22:31:02,7,808
4,false,3229,2021-01-13 15:51:40,50,908
5,false,1712,2021-01-07 12:31:09,18,454
3,false,276,2020-08-03 07:20:07,60,817
1,true,492,2020-02-17 12:19:40,72,189
1,true,1085,2020-10-11 09:04:46,39,491
6,false,1030,2020-03-13 00:38:42,155,565
10,true,9671,2020-07-22 05:36:03,423,823
2,false,4361,2020-12-15 15:16:11,422,132
3,false,1952,2020-08-08 09:32:44,58,885
3,false,8658,2020-11-22 21:35:49,12,671
8,false,4669,2020-02-27 10:29:39,316,582
2,true,6656,2020-08-04 02:56:35,290,287
3,true,2129,2020-12-11 01:15:47,156,883
1,true,4079,2020-07-11 17:06:45,254,850
5,true,5808,2020-11-06 20:26:29,187,842
9,false,7271,2020-12-31 04:59:43,320,88
10,true,3675,2020-11-21 19:18:47,233,321
1,true,3612,2020-09-15 07:15:56,11,918
7,true,8501,2020-07-01 03:23:06,326,960
9,true,9863,2020-06-13 00:37:10,279,852
5,false,2155,2020-01-28 06:10:05,445,498
6,true,3880,2020-04-19 12:04:21,274,760
8,true,2317,2020-04-17 23:49:25,148,396
8,false,990,2020-06-05 23:19:52,342,459
4,true,2374,2020-08-18 15:17:10,83,756
4,false,5336,2020-09-07 18:17:03,88,684
1,true,7581,2020-06-14 21:16:08,38,571
4,true,9062,2020-07-14 15:22:34,24,22
10,true,8025,2020-07-21 06:50:06,448,684
9,true,5183,2020-07-06 07:46:30,393,799
5,true,4998,2020-11-11 19:47:24,277,896
2,false,9789,2020-09-21 06:15:29,134,821
10,false,4873,2020-09-06 09:04:59,416,859
6,false,3862,2020-10-29 18:57:15,180,51
1,false,8248,2020-05-14 13:27:48,345,747
10,false,7603,2020-02-07 02:30:43,181,516
6,true,9600,2020-04-06 11:22:46,8,301
9,false,6014,2020-10-15 05:52:17,214,321
1,false,1749,2020-04-19 16:11:40,100,220
5,false,4612,2020-06-10 07:12:44,4,574
1,false,5479,2020-12-23 05:03:32,59,700
1,true,9629,2020-06-06 03:39:31,101,711
1,false,3778,2020-04-27 07:32:10,416,325
10,true,6889,2020-04-25 17:36:12,263,540
4,false,1069,2020-03-30 04:33:45,144,115
3,false,1423,2020-02-29 20:19:35,52,539
4,true,1925,2020-05-26 19:39:15,22,282
3,true,5548,2020-04-09 01:12:48,234,313
5,true,9188,2020-01-14 03:04:12,362,586
4,true,5646,2020-02-09 01:58:44,303,88
9,true,9357,2020-04-16 15:17:51,28,297
5,false,1937,2020-10-28 17:05:17,231,460
8,true,7860,2020-11-07 03:15:50,343,2
1,false,2750,2020-03-14 15:19:36,50,63
4,true,7876,2020-08-17 13:31:18,18,725
3,false,7672,2020-12-11 15:34:20,90,910
8,false,841,2020-01-19 12:25:31,65,423
2,false,7790,2020-08-19 04:50:16,254,827
3,false,4755,2020-10-19 19:24:07,15,564
3,false,5082,2020-10-08 21:36:18,40,2
7,true,1406,2020-05-10 05:41:22,157,701
8,true,9797,2020-03-19 05:15:43,42,5
5,true,3795,2020-11-06 03:21:45,76,769
3,true,6748,2020-10-16 14:05:41,315,371
7,false,7565,2020-02-09 01:11:03,81,611
3,false,5342,2020-04-14 21:07:17,8,584
2,true,7144,2020-09-06 23:28:05,79,301
4,false,9372,2020-09-27 20:21:09,309,346
5,true,9105,2020-09-19 14:40:07,393,410
2,false,6793,2020-03-20 01:58:22,260,425
1,true,3604,2020-05-13 04:33:21,294,367
7,true,8116,2020-09-26 00:07:29,125,572
1,false,6077,2020-01-22 08:48:30,33,314
4,true,8629,2020-07-08 04:21:55,17,751
7,false,2861,2020-05-26 12:09:02,104,831
8,true,3109,2021-01-03 22:47:24,168,953
2,false,8213,2020-12-01 02:33:47,282,861
4,false,7059,2020-06-19 16:04:19,141,310
8,false,8876,2020-12-28 17:51:02,67,328
5,true,446,2020-07-05 03:45:19,167,280
1,false,9075,2021-01-06 03:32:30,115,829
2,false,5510,2020-07-17 00:56:13,205,189
5,false,4559,2020-02-12 17:54:39,224,567
7,false,3587,2020-10-28 18:06:04,372,663
9,true,9954,2020-01-27 15:50:13,127,217
4,true,8710,2020-01-24 00:50:18,16,600
7,true,7657,2020-03-23 04:38:54,149,618
8,false,9004,2020-02-16 02:45:20,434,740
1,true,5080,2020-07-21 06:40:20,391,549
2,false,8994,2020-04-09 21:57:24,139,531
1,false,2369,2020-02-06 17:10:52,246,62
1,false,2897,2020-05-01 14:01:01,327,937
2,true,5896,2020-08-30 21:55:28,139,438
3,false,3929,2020-10-27 08:31:08,42,56
4,false,801,2020-02-18 23:04:28,88,825
7,false,6070,2020-03-30 20:51:26,57,747
9,true,1195,2020-12-25 11:23:33,121,862
10,false,8340,2020-11-28 23:54:36,80,178
2,true,6849,2020-05-25 17:30:51,164,650
7,false,8576,2020-08-18 20:08:50,39,308
3,false,8571,2020-01-21 21:29:25,429,242
4,false,4125,2020-10-23 04:30:17,321,661
8,true,1016,2020-05-29 22:01:43,285,754
2,true,3104,2020-06-17 02:15:36,34,653
7,false,6551,2020-04-22 20:31:27,181,369
2,true,3067,2021-01-07 05:35:12,245,413
1,false,1935,2020-02-10 20:39:55,253,843
10,true,3675,2020-11-15 11:36:56,220,5
5,true,5039,2020-08-09 15:02:42,376,943
4,false,6428,2020-02-29 12:37:56,82,204
8,true,1451,2020-11-09 08:38:13,148,447
1,false,1447,2020-04-09 18:45:06,98,495
3,true,632,2020-04-06 19:06:26,299,89
5,true,557,2020-05-21 21:09:54,363,488
9,true,7997,2020-02-08 19:09:41,18,105
4,true,8074,2020-05-09 17:46:34,225,843
7,false,9488,2020-09-26 20:57:40,42,423
2,false,6122,2020-04-09 03:51:41,156,405
4,false,845,2020-03-10 05:14:22,269,430
6,true,1485,2020-12-30 05:38:16,328,546
3,true,9673,2020-02-01 09:52:10,104,863
5,true,6697,2020-10-04 18:15:25,293,918
3,true,9514,2020-05-09 09:54:34,271,364
10,true,1513,2020-09-21 18:54:26,418,762
8,false,4258,2020-10-13 22:01:35,88,473
7,false,4602,2020-09-28 12:43:26,47,315
9,true,9619,2020-02-13 00:55:54,18,329
10,true,9420,2020-03-12 07:24:23,392,881
9,true,1310,2020-04-07 16:54:28,402,110
8,true,9258,2020-02-27 01:52:15,343,34
7,true,8422,2020-04-29 03:44:42,160,55
8,true,6270,2020-12-04 14:22:33,386,529
8,false,586,2020-06-09 01:20:36,203,901
1,true,4274,2020-08-29 06:46:16,8,290
2,true,5990,2020-11-20 00:06:41,40,395
8,false,9639,2020-10-18 09:58:29,198,486
5,false,9084,2020-09-04 21:05:26,119,406
3,false,7533,2020-12-27 00:57:59,426,244
10,true,8972,2020-05-12 04:15:43,180,805
3,true,9591,2020-03-06 05:26:13,15,4
7,true,4065,2021-01-05 21:19:44,403,304
5,false,6483,2020-09-08 04:17:45,129,108
10,false,2783,2020-07-29 08:56:30,121,93
5,true,9864,2020-08-23 18:49:55,38,382
2,true,1877,2020-06-11 21:40:57,56,935
1,false,5119,2020-04-04 18:21:24,24,719
2,true,4931,2020-02-18 03:34:22,145,992
9,false,6975,2020-10-17 05:59:19,416,881
10,true,1291,2020-09-04 19:07:41,245,970
4,false,7658,2020-06-20 05:50:36,47,76
3,true,4054,2020-07-02 06:06:06,333,801
10,false,1782,2020-03-16 19:10:49,253,212
4,false,5395,2020-07-13 01:34:03,163,809
6,false,5017,2020-12-28 23:51:20,375,994
6,false,5015,2020-11-16 03:13:42,357,284
5,true,1936,2020-02-17 22:44:56,93,802
10,true,1422,2020-10-17 09:42:38,328,699
2,true,9635,2020-08-13 15:06:39,392,750
1,false,9086,2020-04-20 00:37:41,98,309
8,true,6869,2020-09-23 22:44:32,275,483
5,true,2754,2020-03-19 10:29:47,436,805
9,false,3697,2020-09-01 18:27:58,112,164
8,true,979,2020-08-29 06:58:01,150,853
9,false,1295,2020-05-03 05:02:42,337,675
9,true,8722,2020-04-27 01:47:09,49,946
4,false,415,2020-10-27 21:42:46,63,34
1,true,4587,2020-10-31 01:28:26,246,240
1,true,2611,2020-05-09 02:40:58,291,65
7,true,7840,2020-11-02 00:03:24,207,828
8,true,1937,2020-07-24 15:07:21,232,266
9,true,8179,2020-09-07 11:10:16,359,502
10,true,3671,2020-10-21 01:48:44,302,649
10,false,5122,2020-06-02 06:11:21,330,270
1,false,1454,2020-03-02 04:34:17,112,276
1,false,7775,2020-02-17 06:04:37,319,196
10,false,212,2020-04-14 03:03:28,312,284
6,false,8009,2020-05-15 11:11:44,405,60
6,true,2267,2020-04-10 08:28:43,103,110
6,false,5469,2020-10-29 23:24:03,338,648
10,false,5135,2020-09-16 19:50:33,104,659
4,false,5044,2020-06-18 04:11:35,117,732
10,false,3285,2020-08-29 23:37:02,147,503
2,false,4066,2020-01-20 18:37:26,194,578
3,false,7960,2020-02-05 22:59:25,50,824
10,true,9024,2020-03-08 16:41:28,64,104
5,true,4406,2020-05-07 14:33:33,68,951
6,true,7545,2020-05-09 01:48:03,214,3
9,true,8647,2020-08-22 20:24:42,159,484
5,true,7305,2020-12-23 07:02:59,80,874
7,true,669,2020-01-23 03:53:28,107,887
8,true,5414,2020-03-01 23:32:39,402,147
7,false,9730,2020-11-27 01:06:47,28,654
9,false,9654,2020-04-18 19:13:49,80,305
7,true,4017,2020-06-02 02:20:50,247,405
5,false,5450,2020-05-02 13:11:22,4,280
9,true,2046,2020-07-03 22:33:10,323,784
5,true,2622,2020-10-22 04:37:17,440,997
10,false,8564,2020-03-16 15:48:31,327,551
5,false,4175,2020-04-28 05:55:25,205,147
6,true,9966,2020-09-07 08:44:15,117,246
2,true,8003,2020-12-01 03:06:07,89,858
8,false,3135,2020-09-21 22:46:13,113,987
7,true,6182,2020-07-16 22:57:46,247,881
1,true,5856,2020-11-14 22:10:17,104,810
4,true,2598,2020-12-03 19:27:48,54,895
5,false,2843,2020-09-30 16:37:17,151,119
6,false,3886,2020-05-20 17:01:27,267,74
1,false,381,2020-06-27 03:06:48,79,911
2,false,213,2020-01-14 19:18:55,88,73
6,false,2931,2020-02-23 03:42:46,253,961
6,true,3844,2020-02-01 05:56:04,420,461
6,true,8309,2020-07-09 22:36:54,407,233
5,false,3431,2020-07-11 22:14:28,24,338
10,false,4807,2020-12-06 13:25:15,300,905
10,true,8908,2020-11-19 03:01:36,184,552
2,true,9520,2020-11-23 17:25:39,307,462
5,true,945,2020-06-18 06:54:54,250,638
2,true,3696,2020-03-24 16:37:45,145,57
7,true,7614,2020-07-13 03:00:52,327,945
5,true,9403,2020-09-25 00:43:16,133,272
2,false,1905,2020-03-11 22:42:07,419,877
7,false,5526,2020-08-09 08:45:22,431,874
5,false,524,2020-08-25 01:54:18,309,761
10,true,9334,2020-04-16 21:45:15,427,405
9,true,1037,2020-03-05 08:16:44,375,878
6,true,7400,2020-08-04 18:10:01,218,924
5,true,7420,2020-07-22 01:04:38,354,454
10,false,3287,2020-04-12 21:26:48,80,547
7,true,2761,2020-09-02 12:20:55,73,208
7,false,1989,2020-07-11 09:57:20,33,282
5,false,6323,2020-04-13 11:20:59,187,808
9,false,5877,2020-04-28 08:24:05,46,991
6,true,5981,2020-11-21 07:59:33,4,694
10,false,9469,2020-02-04 17:23:13,295,224
9,true,9170,2020-08-21 16:13:17,347,449
4,false,8568,2020-12-27 04:09:30,164,2
8,false,8517,2020-12-04 05:22:36,257,65
8,true,4555,2020-05-27 07:33:34,147,538
9,false,4475,2020-11-12 14:18:22,423,870
5,false,9099,2020-12-18 20:28:13,305,235
1,true,7285,2020-12-08 00:17:14,116,262
2,false,6155,2020-10-29 20:42:42,449,696
5,false,3672,2020-02-13 20:20:08,257,302
2,false,1705,2021-01-04 00:37:29,285,960
9,false,5555,2020-11-22 11:37:53,261,821
1,true,4236,2020-05-05 13:08:57,12,662
8,true,9585,2021-01-03 10:34:55,273,773
7,false,3391,2020-03-13 22:43:28,303,213
6,false,9133,2020-11-01 06:39:40,273,425
5,true,7458,2020-11-18 20:16:35,417,716
2,true,8733,2020-07-16 14:33:17,410,253
6,true,9028,2020-10-05 10:21:50,382,749
8,false,1205,2020-02-16 05:29:28,197,726
9,true,5756,2020-02-15 00:50:01,430,977
8,false,5329,2020-02-22 10:55:15,42,384
2,false,9806,2020-09-28 18:44:11,35,259
1,false,629,2020-08-03 05:27:27,93,924
9,false,1735,2020-09-05 16:12:36,114,597
6,true,9195,2020-05-03 17:19:03,202,731
4,false,2687,2020-04-30 07:23:05,155,176
10,false,5525,2020-05-29 10:17:31,346,440
4,true,9324,2020-10-10 22:34:44,166,977
8,true,7537,2020-08-22 15:55:31,134,775
6,true,6718,2021-01-12 19:59:58,117,453
7,true,2966,2020-01-24 11:15:50,345,497
4,false,2567,2020-08-11 22:08:07,46,844
10,false,8849,2020-07-21 13:52:48,216,359
3,true,3536,2020-06-17 07:03:02,300,950
3,false,1038,2020-06-29 16:20:03,349,36
6,false,2115,2020-11-01 16:59:36,194,391
7,true,6801,2020-06-03 08:14:50,411,194
6,true,5275,2020-07-11 05:14:40,254,767
2,true,4706,2020-07-16 21:38:46,425,115
8,false,8130,2021-01-11 19:13:58,101,614
7,false,6590,2020-06-17 20:22:29,28,481
5,false,7293,2020-12-07 13:08:30,185,688
2,true,3616,2020-05-06 13:28:23,452,814
2,false,8563,2020-02-27 11:57:33,126,900
6,true,8029,2020-12-18 18:14:16,164,592
2,true,896,2020-07-16 15:14:46,79,795
2,false,6559,2020-11-30 06:47:12,182,563
2,false,8446,2020-07-19 01:39:40,161,619
7,true,9446,2020-06-28 08:23:38,288,645
3,false,2080,2020-05-04 19:24:38,84,83
5,false,7138,2020-10-28 07:07:52,176,909
6,false,6925,2020-09-06 23:12:06,361,184
1,false,6406,2020-06-03 10:47:08,340,179
2,true,9195,2020-07-30 07:53:51,188,443
3,false,2636,2020-08-28 20:26:08,139,974
9,false,6381,2020-02-21 13:05:35,383,536
2,true,4803,2020-07-13 12:19:46,285,758
2,false,217,2020-04-20 09:08:34,306,122
5,false,4144,2020-02-28 08:33:22,257,767
9,false,3748,2020-07-01 07:45:34,443,294
3,false,7116,2020-12-02 06:33:58,82,316
1,true,1652,2020-06-02 22:11:03,365,812
8,false,7917,2020-03-08 17:54:25,44,70
1,false,3237,2021-01-01 00:15:40,389,537
7,false,8085,2020-04-23 15:03:42,435,456
2,true,7815,2020-12-17 05:42:53,195,626
4,false,1162,2020-04-04 14:09:35,377,706
10,false,752,2020-12-22 13:28:56,446,408
1,true,1558,2021-01-10 03:46:19,90,365
5,true,6050,2020-11-21 09:40:56,196,159
8,true,6407,2020-01-30 04:30:25,260,891
2,false,6494,2020-10-23 23:59:19,150,297
6,true,4009,2020-11-02 08:48:43,261,447
8,true,9701,2020-10-29 05:45:13,250,850
7,true,7776,2020-02-16 02:03:41,176,276
10,true,4743,2020-07-01 23:14:11,226,631
1,true,4870,2020-04-12 02:58:37,291,14
2,true,8059,2020-03-01 19:42:02,304,479
4,true,6911,2020-06-11 14:32:52,260,140
10,true,759,2020-08-20 02:09:15,191,958
8,true,5064,2020-10-14 23:33:51,203,750
9,false,3747,2020-06-21 14:17:47,388,936
10,false,1570,2020-08-20 17:57:55,427,799
7,true,8774,2020-07-03 16:02:40,368,405
1,false,3239,2020-06-13 23:36:12,347,886
3,false,6944,2020-01-31 20:10:20,73,760
9,false,6881,2020-09-18 22:56:22,171,795
8,false,9895,2020-10-24 16:47:43,372,515
8,true,3012,2020-07-11 19:29:15,4,220
7,false,6381,2020-12-21 02:06:57,232,218
8,true,5469,2020-10-07 06:03:35,120,466
10,true,6974,2020-01-29 04:41:12,355,529
7,true,5844,2020-07-05 06:36:24,288,659
6,true,4359,2020-03-14 02:57:23,387,295
7,false,4072,2020-02-08 19:43:20,446,39
6,false,2841,2020-11-14 17:33:52,182,101
10,false,3230,2020-07-02 07:31:17,189,790
6,false,6363,2020-09-06 11:23:48,234,136
7,true,7549,2020-05-12 01:22:48,251,270
6,true,2482,2020-05-27 20:55:53,419,595
3,true,5607,2020-08-08 10:55:35,56,251
4,false,2012,2020-04-02 16:21:22,17,557
5,false,6025,2020-06-19 03:01:10,94,261
6,false,871,2020-04-15 04:26:06,277,244
6,true,4264,2020-06-27 09:14:40,316,783
4,true,5743,2020-03-04 17:10:09,175,424
3,false,5925,2020-07-16 15:38:34,25,605
2,true,2059,2020-02-06 02:14:49,262,988
3,false,6456,2020-03-16 16:00:22,133,235
7,true,2914,2020-03-04 02:18:53,154,960
8,true,8588,2020-12-15 15:38:35,15,239
10,true,3810,2020-10-29 16:16:59,226,359
2,true,8781,2020-04-24 12:15:07,425,449
4,true,7759,2020-10-13 03:14:02,395,868
5,false,8381,2020-05-31 13:16:17,20,467
10,false,8004,2020-02-13 22:25:38,25,693
4,false,3666,2021-01-13 05:47:22,2,390
10,true,938,2020-09-11 16:22:58,334,818
1,true,4784,2020-08-08 19:00:34,392,920
2,false,2013,2020-08-12 00:35:27,28,426
4,false,1981,2020-11-21 22:40:22,406,998
8,false,6405,2020-08-02 18:46:15,404,271
1,false,7710,2020-11-21 21:14:23,242,413
4,true,6926,2020-03-16 02:37:11,378,351
6,false,6109,2020-11-02 18:55:34,452,854
2,false,1829,2020-07-24 13:42:48,169,508
6,true,9894,2020-05-11 10:37:09,363,674
8,true,2036,2020-07-02 14:49:56,186,629
5,true,1966,2020-11-27 18:44:13,151,260
8,true,4192,2020-10-30 05:51:52,164,853
4,true,8691,2021-01-04 18:29:59,169,906
10,false,6201,2020-10-13 06:51:14,209,929
3,true,5844,2020-11-04 01:23:50,308,895
10,true,2647,2020-11-09 07:48:25,428,231
3,false,9536,2020-03-01 20:00:21,377,836
8,false,4264,2020-12-25 07:22:22,129,261
3,false,9052,2020-04-12 09:28:00,360,542
10,true,1795,2020-03-26 11:03:26,103,657
9,false,7360,2020-11-26 14:09:17,125,634
7,false,3764,2020-12-19 18:42:29,247,174
4,true,8906,2020-11-27 09:52:47,118,414
10,true,7194,2020-11-03 01:04:57,213,534
10,true,3588,2020-08-04 17:50:49,194,592
10,false,9117,2020-02-13 03:42:25,339,831
9,false,3807,2020-12-14 18:28:02,359,117
1,false,5191,2020-04-10 15:49:50,173,869
10,false,3027,2020-04-03 04:46:51,245,270
1,true,7463,2020-02-18 19:51:18,32,226
1,false,4049,2020-12-16 21:28:10,451,136
10,true,6598,2020-02-26 12:34:25,89,260
3,false,5582,2020-07-29 22:44:03,423,883
4,true,4399,2020-01-24 07:53:07,31,572
6,true,4351,2020-06-22 01:47:20,98,466
1,false,1601,2020-11-04 03:40:01,29,721
7,true,7694,2020-07-24 08:41:43,76,416
4,false,7459,2020-06-16 10:32:32,50,440
8,false,3555,2020-09-12 04:13:40,414,436
5,true,628,2020-09-03 03:37:12,86,991
7,true,2968,2020-12-05 04:35:14,111,218
5,true,2439,2020-02-24 22:06:32,77,978
8,false,9767,2020-10-17 08:04:31,343,773
8,false,5904,2020-04-06 12:30:41,347,950
3,false,4691,2020-10-02 21:20:58,153,27
4,true,8293,2020-05-28 03:58:38,84,194
9,false,365,2020-02-22 08:20:21,421,219
3,true,8821,2020-03-22 18:14:07,134,691
10,false,1591,2020-03-10 03:54:23,409,174
3,true,8994,2020-07-26 12:54:27,227,8
5,false,2326,2020-07-29 15:38:37,205,731
9,true,3017,2021-01-07 10:52:02,111,326
10,false,2386,2020-03-03 16:12:03,279,808
8,false,6622,2020-06-08 21:18:54,109,900
7,false,8628,2020-08-25 07:34:16,399,152
1,true,7645,2020-03-21 13:20:17,176,84
7,true,1790,2020-11-22 14:41:09,388,606
6,true,551,2020-03-02 23:36:58,225,447
4,false,6974,2020-05-07 02:33:57,353,973
7,true,6440,2020-06-22 16:47:10,381,573
2,true,3097,2020-09-26 10:27:56,171,815
4,false,1198,2020-11-03 09:16:19,310,94
6,false,9100,2020-02-12 11:00:36,47,687
6,false,1994,2020-01-21 15:27:28,440,682
10,true,9690,2020-10-08 16:11:20,411,341
4,false,6987,2020-03-12 15:58:10,54,297
7,true,4525,2020-01-28 22:02:04,360,679
2,true,6797,2020-08-20 06:39:58,74,917
8,false,5710,2020-11-25 02:49:53,117,301
6,false,6069,2020-02-27 14:04:06,424,722
1,false,3554,2020-12-06 02:09:22,290,775
6,true,1975,2020-09-18 00:28:54,332,480
8,false,5704,2020-01-17 06:34:35,292,886
10,true,712,2020-07-23 12:02:28,439,814
4,false,5333,2020-02-15 14:05:30,330,793
7,true,4102,2020-07-17 22:32:03,214,247
5,true,685,2020-06-15 03:20:45,244,813
4,false,8546,2020-08-08 22:31:04,9,260
1,false,2878,2020-11-19 08:57:54,213,326
7,false,7583,2020-07-04 18:44:54,137,381
7,true,1126,2020-11-25 23:24:01,431,917
8,false,1483,2020-08-04 22:49:19,296,498
5,true,5741,2020-01-14 21:41:46,440,121
4,false,5630,2020-08-16 10:34:28,266,233
6,false,2475,2020-09-27 18:02:13,114,228
4,false,9388,2020-12-28 22:50:21,198,286
9,true,305,2020-10-30 19:15:06,75,418
7,true,4310,2020-02-28 00:49:03,353,885
9,false,2519,2020-06-03 07:23:05,49,103
2,false,7053,2020-07-11 02:53:09,9,204
2,false,7689,2020-04-04 20:31:23,289,105
4,true,310,2020-12-05 20:02:19,210,1
3,true,4251,2020-03-11 04:46:41,94,325
8,false,751,2020-06-02 21:58:29,54,965
3,true,1620,2020-05-22 07:13:03,96,511
8,false,7788,2020-12-22 12:49:19,405,396
4,true,9148,2020-04-10 17:59:24,291,802
3,false,8811,2020-02-13 19:45:32,165,731
10,true,5987,2020-06-25 15:00:10,321,171
10,false,8576,2020-03-06 09:17:10,428,581
9,false,7332,2020-03-19 08:35:21,203,604
3,true,6844,2020-03-25 13:58:28,210,224
5,true,8653,2020-03-29 00:07:54,151,69
3,true,8008,2020-01-20 15:24:59,72,327
8,false,4538,2020-12-13 02:32:56,382,381
2,true,1032,2020-10-18 04:29:45,317,374
2,true,2085,2020-02-28 15:24:45,228,202
10,true,7509,2020-12-24 00:15:09,7,101
3,true,1900,2020-08-09 21:07:50,128,610
6,false,2614,2020-02-04 00:07:19,316,540
1,false,2637,2020-03-06 15:09:49,393,617
7,false,3121,2020-02-11 10:43:31,440,292
9,false,9922,2020-03-09 07:23:59,185,832
8,true,7595,2020-03-23 12:21:16,103,366
8,false,2413,2020-08-02 17:11:32,274,631
9,false,4233,2021-01-07 08:32:07,406,308
10,false,2137,2020-08-03 19:14:31,310,49
3,false,7974,2020-07-14 02:17:58,357,451
5,true,5984,2020-07-03 00:40:21,344,459
4,true,321,2020-07-17 06:04:37,43,705
3,false,8034,2020-12-15 14:01:51,68,119
10,false,9665,2020-01-28 22:37:47,427,45
8,false,2967,2020-03-22 23:54:41,269,740
4,false,2320,2020-03-01 01:24:10,21,850
7,false,4341,2020-05-05 20:06:08,192,483
8,true,5591,2020-02-10 04:48:03,215,515
4,true,2272,2020-05-19 22:37:40,87,202
1,true,9571,2020-05-16 08:36:42,282,779
1,false,1694,2020-10-05 21:20:14,106,114
2,false,7008,2020-05-11 21:58:00,389,212
1,false,6102,2020-11-06 13:13:18,25,581
5,false,9484,2020-06-16 19:31:53,153,750
6,false,7237,2020-02-14 18:52:51,109,803
7,false,5702,2020-05-13 01:54:27,409,1000
3,false,845,2020-10-24 15:18:31,353,294
4,false,3261,2020-04-29 06:59:16,387,241
6,false,2347,2020-08-11 02:50:21,399,403
3,true,6658,2020-03-11 21:46:23,56,726
6,true,8636,2020-05-15 06:49:21,443,713
6,false,3893,2020-04-26 11:38:38,379,968
10,false,9803,2020-07-14 19:52:02,17,265
7,true,3080,2020-09-25 04:53:56,229,252
10,false,8809,2020-08-14 18:45:59,419,555
4,true,3677,2020-04-02 15:12:28,266,478
7,true,4175,2020-09-04 00:29:57,164,390
2,true,2710,2020-10-19 11:06:28,47,856
5,true,519,2020-11-10 05:39:10,71,663
8,true,9267,2020-10-07 00:33:05,86,561
9,false,5556,2020-06-05 14:40:19,396,23
6,true,7974,2020-07-27 14:35:49,107,342
9,false,9656,2020-09-07 02:18:20,87,735
10,true,8004,2020-02-26 11:12:20,326,402
9,true,8484,2020-05-21 14:23:50,419,666
8,false,9809,2020-08-12 23:50:27,341,501
1,true,4344,2020-11-21 06:10:34,313,714
5,false,3451,2020-11-16 10:03:22,135,142
2,false,2903,2020-05-02 02:42:28,440,393
4,true,2435,2020-06-05 17:10:25,442,918
8,false,4315,2020-01-16 15:36:28,79,273
7,true,3256,2020-02-18 01:03:57,106,774
10,true,2114,2021-01-04 03:57:07,242,908
2,true,6619,2020-01-23 16:41:33,41,297
4,false,7640,2020-07-31 07:57:34,10,125
9,true,5016,2020-09-06 22:25:28,441,677
1,false,5701,2020-05-14 06:20:15,142,133
4,false,6304,2020-06-06 19:11:06,84,267
4,true,3008,2020-11-03 06:43:10,347,324
3,false,6829,2020-10-24 15:38:02,64,455
7,true,8904,2020-03-02 23:12:07,138,210
8,false,884,2020-02-13 06:01:54,93,476
2,true,275,2020-07-20 03:58:05,103,406
5,true,1907,2020-11-02 10:09:01,122,656
6,false,6166,2020-09-25 21:52:01,126,988
4,false,3032,2020-05-26 21:10:34,315,561
6,false,5623,2021-01-05 04:47:53,89,664
1,true,288,2020-04-22 04:52:29,146,785
4,false,7168,2020-08-09 00:11:42,60,803
3,false,417,2020-10-20 14:19:08,324,559
6,false,2966,2020-12-12 07:29:12,74,159
6,false,5978,2020-11-29 08:04:46,251,502
1,true,2012,2020-07-24 03:52:38,276,129
8,false,6819,2020-06-10 01:55:07,128,200
10,true,229,2020-05-20 03:22:05,151,361
4,true,2645,2020-08-08 18:26:12,291,536
8,true,9316,2020-09-08 20:23:02,371,475
6,false,1765,2020-05-12 15:52:54,72,449
8,true,4448,2020-04-06 02:14:38,166,261
2,true,6386,2020-04-17 07:42:52,156,950
7,true,8033,2020-12-13 14:14:09,350,673
2,false,1812,2020-07-25 03:36:14,320,610
6,true,9231,2020-04-27 06:42:27,263,753
5,false,350,2020-07-12 12:06:42,18,984
4,true,2050,2020-05-15 09:48:18,361,87
9,false,8110,2020-12-02 18:37:42,195,579
1,false,9095,2020-08-07 16:01:13,5,756
5,true,1485,2020-08-22 03:29:01,402,550
4,true,4088,2020-03-04 05:00:00,289,732
7,true,5148,2020-06-03 04:35:08,54,329
7,false,370,2020-04-29 16:50:04,350,696
5,false,2384,2020-09-25 20:37:38,330,898
6,false,5672,2020-07-08 04:16:32,383,192
8,false,7813,2020-05-26 06:46:21,363,367
2,false,2269,2020-12-27 08:42:04,298,144
3,false,5164,2020-10-14 14:04:49,200,487
6,false,7511,2020-12-07 11:30:26,268,715
5,true,5210,2020-08-03 23:28:57,78,753
7,true,2195,2020-08-06 06:52:10,105,497
10,true,2807,2021-01-12 18:12:07,59,837
2,false,3892,2020-01-29 00:14:52,198,554
2,true,6463,2020-04-19 00:31:57,437,988
8,false,8915,2020-10-17 23:45:59,26,278
3,true,6455,2020-08-19 23:08:07,102,651
4,true,918,2020-10-28 16:12:14,47,648
8,false,3059,2020-04-01 19:20:02,133,107
2,false,6260,2020-09-10 13:35:42,191,779
7,false,211,2020-06-21 22:36:00,195,279
1,false,8950,2020-04-27 09:30:40,355,443
7,false,5183,2020-05-19 21:30:37,141,838
5,false,813,2020-06-11 18:53:09,155,471
7,true,4574,2020-04-29 06:42:11,14,936
9,true,8028,2020-07-30 05:22:47,256,34
9,false,1588,2020-08-03 19:59:15,357,175
1,true,2981,2020-02-16 13:06:56,314,25
6,false,8085,2020-10-31 09:47:14,432,7
10,true,8766,2021-01-02 11:01:13,51,336
10,false,4908,2020-03-26 14:49:50,100,428
2,true,9945,2020-03-30 20:31:23,306,53
2,false,7668,2020-03-18 17:39:45,150,443
2,true,8948,2020-09-09 16:48:31,358,33
1,false,2491,2020-09-15 06:04:46,260,846
10,false,6080,2020-11-29 18:12:15,241,234
6,true,5462,2020-05-24 18:26:31,290,280
7,false,7177,2020-01-25 07:58:46,228,179
1,true,9781,2020-05-11 09:38:07,440,667
7,false,1245,2020-09-10 08:18:55,92,437
4,false,3422,2020-12-24 08:46:32,278,266
3,true,5504,2020-01-24 20:49:50,326,986
10,false,891,2020-09-30 11:43:37,232,139
5,true,2578,2020-05-19 05:41:30,63,395
4,false,4848,2020-10-26 06:10:47,424,330
6,true,8802,2020-11-21 09:43:51,193,506
8,false,3958,2020-11-15 02:22:21,272,985
8,true,6064,2020-12-25 21:48:16,260,379
5,false,8256,2020-09-08 20:58:42,67,64
8,true,2298,2020-03-10 16:53:30,429,72
2,false,5558,2020-01-26 00:36:59,430,367
3,true,4014,2020-02-05 13:16:48,73,550
10,false,3652,2020-07-26 15:29:33,246,569
6,false,1049,2020-01-14 16:44:02,23,824
8,false,2063,2020-04-13 10:56:41,328,148
8,false,2265,2020-09-01 04:10:23,233,988
4,true,7426,2020-09-01 21:38:57,387,57
1,false,6972,2020-10-28 23:21:48,236,276
1,true,9144,2020-03-10 07:29:58,304,596
2,false,8304,2020-11-25 12:08:19,442,506
8,true,1063,2020-05-27 18:39:40,235,237
6,true,5826,2021-01-11 04:34:35,207,504
6,true,5700,2020-09-06 21:05:03,442,260
8,true,331,2020-02-19 08:50:56,411,138
2,true,6078,2020-10-04 05:13:36,284,614
2,true,931,2020-04-18 04:11:00,360,218
5,false,4932,2020-03-19 12:27:49,159,978
8,true,4931,2020-02-07 04:40:27,330,528
10,false,3416,2020-11-18 08:01:09,446,853
1,true,5867,2020-10-25 12:20:47,325,966
3,false,9282,2020-12-28 09:33:13,37,103
6,false,4752,2020-01-27 05:02:14,32,587
10,true,1972,2020-06-23 07:39:11,109,252
8,false,3435,2020-06-11 20:25:22,113,974
1,true,5186,2020-08-21 04:44:38,245,806
2,false,7954,2020-09-18 18:36:57,324,34
1,false,6267,2020-01-25 08:28:14,61,997
8,false,3013,2020-05-22 09:54:02,155,48
10,false,6694,2020-12-03 04:39:21,266,974
6,true,4029,2020-12-29 00:37:21,359,821
9,false,5891,2020-09-04 11:26:26,97,70
6,false,8159,2020-11-15 17:14:35,153,231
8,false,6401,2020-10-20 03:07:30,152,800
8,true,7466,2020-02-02 13:40:16,35,476
5,false,3435,2020-06-18 10:35:30,138,904
3,true,3617,2020-11-17 01:01:17,118,144
6,true,7821,2020-02-09 20:26:31,294,218
4,true,3937,2020-04-27 14:30:17,81,685
3,true,8906,2020-06-04 13:19:40,17,195
8,true,626,2020-05-24 13:33:12,265,478
5,true,2110,2020-08-03 11:50:35,350,191
5,false,9448,2020-03-18 14:08:46,269,138
1,true,1609,2020-11-29 01:14:47,447,45
1,false,8589,2020-02-13 16:42:18,347,264
8,false,7959,2020-12-08 22:23:36,195,239
9,false,8694,2020-10-24 16:14:48,308,624
4,false,3640,2020-09-30 17:57:06,268,826
9,true,5700,2020-03-25 22:45:37,449,69
3,true,2031,2020-04-15 17:55:50,416,161
6,false,3183,2020-08-18 08:29:35,219,5
8,true,3002,2020-04-12 15:00:01,398,504
6,true,465,2020-11-11 03:42:48,133,473
2,false,3798,2020-11-03 23:45:10,275,99
6,true,4871,2020-06-06 21:07:17,155,355
7,false,5186,2020-01-27 12:17:45,267,466
2,true,7073,2020-03-05 02:50:14,251,190
8,true,1988,2020-12-24 01:02:00,215,612
6,true,5558,2020-07-30 06:55:48,311,161
8,true,8260,2020-06-13 16:36:40,314,139
6,false,2346,2020-12-13 14:11:19,63,344
3,true,962,2020-11-27 06:16:59,286,843
10,false,2250,2020-09-22 08:57:06,432,193
5,false,3944,2020-06-09 05:03:15,258,153
3,true,5434,2020-03-20 16:21:37,122,235
4,true,3226,2020-03-09 04:00:21,187,549
5,true,1388,2020-07-20 20:33:18,292,871
6,false,8562,2020-03-06 20:24:09,244,846
1,true,1307,2020-01-20 04:20:03,143,403
7,true,7354,2020-07-18 00:23:25,344,516
6,true,222,2020-06-22 13:45:23,108,562
5,false,3024,2020-07-01 19:28:20,414,867
3,true,4625,2020-09-24 17:47:24,94,283
7,false,230,2020-10-03 04:54:46,213,951
8,false,9758,2020-04-08 16:14:19,116,33
4,false,3010,2020-05-04 15:33:58,278,126
6,true,7907,2020-04-01 22:28:01,204,291
2,false,5415,2020-06-19 21:50:36,375,927
3,true,5232,2020-04-29 11:31:41,93,443
3,false,4411,2020-02-28 04:46:49,268,612
5,false,2749,2020-07-12 21:39:29,320,45
5,false,965,2020-06-06 16:40:55,221,883
3,false,1834,2020-07-12 10:02:32,265,703
10,true,8743,2020-04-09 17:30:26,227,590
8,false,1469,2020-11-19 14:20:13,236,763
1,false,2672,2020-08-12 11:09:19,374,692
8,true,2655,2020-04-05 22:16:30,409,822
1,true,8202,2020-08-16 22:03:33,443,167
3,false,9903,2020-12-02 19:27:34,97,470
7,false,8413,2020-11-18 18:55:30,71,508
4,false,4119,2020-03-19 00:59:32,411,978
9,true,8969,2020-11-30 18:51:01,271,909
4,false,3010,2020-05-29 04:25:47,322,202
5,false,248,2020-06-12 09:48:07,200,245
8,false,6242,2020-12-13 23:27:10,269,20
8,true,6993,2020-03-04 13:01:12,9,274
9,true,1217,2020-03-14 20:08:41,274,552
2,true,8971,2020-02-03 06:00:12,158,743
5,true,7171,2020-06-26 15:15:10,179,173
5,true,3615,2020-02-19 13:11:15,73,457
2,true,510,2020-08-07 10:44:17,64,71
5,true,2000,2020-07-23 05:41:14,393,791
1,true,7036,2020-08-09 21:53:18,209,686
6,true,6031,2020-11-19 06:19:56,438,368
5,true,442,2020-11-26 05:48:05,66,541
10,false,5244,2020-05-06 11:39:19,271,536
6,false,8649,2020-10-21 22:53:57,178,502
9,false,9170,2020-06-21 07:32:27,285,874
5,true,8739,2020-07-05 17:30:13,34,506
5,true,403,2020-11-23 14:07:14,129,354
7,false,795,2020-09-23 14:25:11,221,977
10,false,1701,2020-05-13 08:48:19,383,793
3,true,3156,2020-09-03 06:48:02,162,625
10,false,8706,2020-12-01 03:45:50,62,204
7,false,1524,2020-03-18 09:23:37,77,462
6,true,4579,2020-09-18 01:56:53,371,256
3,true,3448,2020-04-07 19:02:04,143,563
8,true,1397,2020-09-22 20:33:49,15,531
10,true,2271,2020-11-03 02:52:03,244,45
2,false,3997,2020-03-26 15:31:58,378,983
2,false,4776,2021-01-05 05:15:12,451,46
4,true,2802,2020-02-04 04:59:11,421,532
9,false,9515,2020-10-10 10:45:15,131,121
2,true,9750,2020-08-01 15:31:44,23,288
10,false,7088,2020-02-03 17:32:27,220,914
8,true,2285,2020-02-20 20:53:42,425,509
8,false,3760,2020-10-28 08:08:07,403,409
1,true,2837,2020-12-24 10:45:33,26,74
5,true,4955,2020-06-10 01:39:31,270,10
3,false,6723,2020-05-12 06:55:18,28,662
2,true,3232,2020-07-28 22:42:54,267,93
4,false,1910,2020-05-29 20:21:13,247,265
7,true,1261,2020-11-18 00:55:11,243,307
2,false,2056,2020-08-15 20:30:01,189,984
10,false,7004,2020-03-11 14:08:00,86,921
8,true,7191,2020-10-01 04:18:01,426,762
10,true,8300,2020-11-10 21:19:29,244,720
8,true,9812,2020-05-15 19:02:18,448,145
2,false,3503,2020-12-03 03:53:32,406,253
2,false,8664,2020-03-29 21:15:47,58,593
10,true,9706,2020-09-12 03:27:23,227,29
10,true,8084,2020-07-11 16:55:13,187,238
10,false,9475,2020-10-08 00:59:29,251,590
4,false,2333,2020-11-18 19:41:37,342,261
4,false,1701,2020-08-05 22:46:41,271,588
1,true,2422,2020-01-15 11:22:17,67,65
6,true,3930,2020-06-14 06:18:11,149,971
2,true,5432,2020-10-23 22:08:45,250,315
6,true,1224,2020-01-25 11:36:07,261,420
6,true,8070,2020-05-23 08:20:05,353,426
9,false,1856,2020-03-31 21:07:11,350,98
2,false,5851,2020-04-26 06:05:06,72,296
7,true,713,2020-03-14 09:32:57,375,930
7,false,408,2020-06-26 01:09:34,252,633
9,true,8343,2020-04-01 19:20:53,315,790
8,false,4987,2020-03-20 17:48:43,222,819
8,false,2417,2020-02-01 21:55:28,108,566
3,false,5374,2020-09-01 23:17:28,52,630
6,false,9960,2020-11-28 06:28:22,342,422
6,true,3326,2020-06-12 23:50:32,128,889
1,true,5917,2020-02-06 16:03:01,130,227
5,true,9724,2020-08-20 19:08:35,162,175
2,false,3146,2020-12-28 17:41:34,245,792
8,true,3140,2021-01-13 03:17:19,207,422
9,true,6259,2020-02-08 22:30:06,166,436
3,false,2002,2020-11-24 17:57:03,90,662
6,true,1261,2020-09-12 13:52:28,150,735
7,false,6156,2020-09-03 21:31:20,348,211
10,true,5021,2020-10-19 06:30:14,351,368
1,false,3894,2020-07-07 04:14:16,36,492
5,true,4540,2020-08-03 18:28:25,295,378
1,true,4803,2020-04-07 20:57:23,15,569
2,true,9863,2020-10-30 08:36:29,394,822
8,true,7013,2020-05-30 16:40:32,109,34
7,true,4301,2020-11-12 22:46:24,66,49
8,false,4852,2020-04-08 07:31:22,303,571
10,true,5792,2020-04-28 10:34:49,410,950
8,false,1345,2020-06-04 10:24:12,408,332
4,true,3043,2020-05-23 09:36:50,4,719
3,true,7941,2020-04-23 19:01:29,351,489
1,false,8771,2020-10-25 17:01:23,106,557
1,true,3425,2020-09-22 10:04:10,228,500
1,false,1825,2020-05-22 01:38:17,50,194
9,false,1969,2020-07-29 18:22:22,13,105
3,false,3518,2020-11-14 16:03:29,88,250
2,false,9016,2020-09-20 01:40:13,218,555
10,true,6820,2020-02-21 08:30:16,160,909
5,false,5126,2020-02-24 03:01:36,259,555
5,false,9648,2020-07-17 07:14:04,369,878
9,true,2281,2020-10-27 23:21:43,283,926
1,true,1089,2020-03-16 23:19:26,232,533
2,false,860,2020-04-03 06:30:33,93,459
1,false,441,2020-02-28 15:52:34,438,130
4,true,7410,2020-06-14 14:32:12,366,112
2,false,889,2020-12-28 09:31:57,105,677
8,true,2088,2020-06-18 22:59:33,86,320
9,false,9374,2020-03-07 19:05:19,193,30
1,false,4998,2021-01-13 03:17:57,355,864
5,false,2294,2020-08-28 10:00:43,380,862
6,false,7493,2020-12-06 04:55:11,439,301
5,false,5025,2020-12-20 01:04:05,38,946
8,false,6917,2020-03-27 04:18:48,53,963
5,false,833,2020-11-25 07:46:47,120,491
10,true,6405,2020-09-29 06:13:55,360,592
4,false,2027,2020-04-06 20:15:33,450,600
8,true,1489,2020-07-10 02:44:45,182,863
8,false,5044,2020-07-13 14:48:50,315,187
5,true,1002,2020-12-03 15:29:37,155,596
5,false,817,2020-10-06 11:57:27,376,760
6,true,4825,2020-07-14 16:33:32,194,708
3,false,4464,2020-08-28 01:48:09,360,239
8,false,639,2020-07-05 16:31:22,106,392
4,false,2626,2020-10-05 08:13:29,172,262
4,true,4435,2020-09-06 00:30:40,423,925
8,true,3019,2020-03-29 09:48:05,167,499
5,false,6339,2020-03-23 07:30:34,140,280
5,true,4649,2020-02-18 03:45:04,286,849
5,true,2611,2020-06-04 04:27:30,210,815
9,true,7430,2020-04-30 22:37:43,323,64
10,true,4270,2020-07-18 23:35:01,275,773
9,true,9885,2020-02-05 02:45:03,363,751
9,true,595,2020-07-16 01:13:16,79,157
6,true,3184,2020-12-02 12:13:17,285,607
10,true,6053,2020-04-22 23:26:45,362,382
8,false,5766,2020-02-17 14:40:33,287,833
1,false,6305,2020-07-08 12:08:09,230,362
5,false,7858,2020-04-11 20:40:59,215,883
1,true,5707,2020-04-03 08:02:50,39,11
10,true,5827,2020-11-13 07:57:59,393,331
7,false,7558,2020-10-14 13:50:01,300,315
7,true,8059,2020-09-16 03:36:24,401,553
6,false,5832,2020-05-09 22:15:58,215,15
3,true,6535,2020-07-07 10:33:27,106,403
3,false,6249,2020-03-11 18:46:38,72,823
7,false,6611,2020-12-08 08:13:54,89,627
3,true,8184,2020-06-26 21:12:13,70,700
6,false,7051,2020-08-16 16:42:17,419,350
9,true,7983,2020-02-04 00:12:54,427,621
5,false,1459,2020-04-13 18:05:06,66,705
9,false,321,2020-03-13 13:02:51,377,64
4,false,4622,2020-02-18 22:00:31,248,140
3,true,2278,2020-03-03 08:01:54,413,892
6,true,6170,2020-05-28 14:33:03,259,480
8,false,3952,2020-08-15 20:58:26,121,637
8,true,8043,2020-01-25 14:44:55,95,785
6,true,7680,2020-07-06 21:17:22,272,79
3,true,9493,2020-01-27 16:25:54,115,71
6,false,733,2020-03-10 00:47:06,432,775
9,true,509,2020-09-22 02:31:45,150,914
2,true,8261,2020-09-24 06:10:08,397,462
2,true,2248,2020-11-27 09:22:06,16,207
4,true,3363,2020-02-07 04:26:36,108,983
7,false,3903,2020-08-28 04:29:57,420,179
1,true,7548,2020-07-08 20:23:16,159,600
7,true,8857,2020-04-12 15:05:27,97,962
5,true,612,2020-09-02 03:35:27,31,670
5,true,4302,2020-03-21 06:07:00,349,311
9,false,2652,2020-07-04 12:53:16,355,728
1,false,4464,2020-07-22 04:34:37,64,657
1,true,4506,2020-08-28 09:16:59,374,469
10,true,8320,2020-03-26 21:01:58,288,782
9,true,7662,2020-04-21 05:09:05,128,738
8,true,5023,2020-07-01 01:59:49,54,775
5,false,5974,2020-09-10 22:02:39,123,362
3,false,8387,2020-07-04 07:45:08,452,87
4,true,6239,2020-10-21 07:23:23,143,355
6,true,8954,2020-06-26 09:11:03,48,720
5,true,7690,2020-05-28 09:37:53,253,539
8,true,6711,2020-10-02 12:39:48,376,282
10,false,4966,2020-06-17 18:57:12,377,101
1,true,7622,2020-06-09 19:18:17,328,32
5,false,880,2020-06-21 16:35:04,184,457
2,true,3143,2020-10-19 14:04:38,400,802
4,false,5648,2021-01-08 12:09:55,40,976
10,true,1862,2020-12-22 15:57:30,145,744
5,false,4668,2020-02-10 02:01:11,49,720
5,true,4945,2020-06-20 12:13:12,126,129
10,false,2794,2020-10-25 00:31:48,6,727
4,true,3110,2020-03-08 00:34:31,67,130
2,false,3412,2020-05-11 04:30:43,283,53
2,false,4714,2020-10-05 21:06:44,260,102
4,false,4007,2020-12-14 01:56:25,418,233
6,false,5550,2020-03-05 15:48:35,428,943
3,false,449,2020-03-15 09:24:27,64,703
7,false,6827,2020-06-28 08:44:58,156,945
1,true,7348,2020-04-26 16:30:22,392,944
9,false,9192,2020-07-12 11:12:19,142,211
3,false,3513,2020-11-21 07:01:27,128,447
7,false,4724,2020-05-12 06:21:53,254,330
2,true,9041,2020-02-22 23:20:02,120,708
8,false,2805,2020-09-16 23:12:01,380,18
2,true,8352,2020-10-14 00:28:50,6,305
6,true,2182,2020-12-08 17:40:26,323,263
4,false,5256,2020-09-28 04:54:58,284,568
9,true,5941,2020-05-03 00:31:39,121,394
8,false,8385,2020-12-23 19:37:33,412,539
1,true,4185,2020-09-21 19:51:06,251,163
7,true,2119,2020-02-06 12:26:19,341,138
4,false,1578,2020-12-31 13:26:25,209,407
2,true,6323,2020-08-14 01:05:39,411,446
4,true,9644,2020-08-11 20:54:57,223,663
8,true,234,2020-11-16 04:33:55,323,275
10,true,4704,2020-08-27 04:14:25,401,636
10,false,9397,2020-07-07 20:12:45,152,812
8,true,6374,2020-06-07 20:39:43,170,886
10,false,1177,2020-10-29 12:56:31,291,701
5,true,2503,2020-01-22 16:24:05,208,243
10,true,3420,2021-01-06 21:56:05,278,662
8,false,7326,2020-11-08 00:14:59,60,408
1,true,671,2020-02-03 15:45:48,114,368
9,false,3263,2020-06-26 16:15:31,265,833
3,true,6841,2020-02-14 23:43:46,197,861
3,false,5574,2020-06-06 21:14:28,137,902
9,true,9866,2020-01-22 11:12:24,447,198
7,true,7508,2020-01-27 21:06:05,104,957
2,true,7586,2020-04-20 04:07:37,117,504
3,false,5619,2020-04-29 18:30:27,73,279
8,false,7863,2021-01-07 21:37:30,320,206
10,false,9997,2020-12-28 14:57:05,76,337
9,true,6610,2020-07-31 01:10:15,430,88
2,true,6717,2020-02-17 19:22:19,232,267
2,false,6958,2020-06-17 17:49:34,398,396
8,true,8350,2020-08-12 08:10:14,283,408
2,false,4351,2021-01-03 17:58:28,357,260
2,false,9848,2020-12-07 08:04:43,349,988
5,false,5596,2020-11-11 02:54:32,410,13
10,false,5804,2020-05-16 06:48:05,289,150
7,true,8000,2021-01-03 09:32:29,166,223
10,true,8899,2020-02-08 18:15:36,142,316
8,false,2584,2020-10-18 10:33:29,363,258
8,false,3763,2020-01-23 08:23:47,40,474
3,true,5548,2020-04-29 00:14:42,137,868
10,true,4547,2020-01-24 08:16:34,248,739
4,false,526,2020-08-05 01:40:30,141,803
8,true,737,2020-08-29 17:06:00,277,416
9,false,3296,2020-10-23 08:58:49,249,614
3,false,2392,2020-04-11 12:00:51,424,727
10,false,3380,2020-12-15 06:02:16,217,357
2,false,9372,2020-05-30 13:55:23,166,136
10,true,4926,2020-11-20 04:45:29,170,707
2,false,9145,2020-02-24 23:24:44,404,312
2,true,2371,2020-05-01 12:24:17,376,982
8,false,9408,2020-09-20 00:17:33,351,498
2,true,9568,2020-10-02 06:47:00,129,31
6,true,7075,2020-11-03 14:58:32,404,838
7,false,7576,2020-07-15 22:49:23,223,488
7,false,5766,2020-08-02 07:06:59,403,897
6,false,5123,2020-03-17 02:05:05,197,382
3,true,7518,2020-09-07 06:38:51,17,972
7,true,626,2020-02-10 00:39:54,52,161
9,false,8122,2020-08-18 15:04:17,247,80
2,true,4873,2020-11-11 16:30:50,406,268
4,true,6982,2020-06-11 23:45:08,261,521
6,true,2224,2020-06-12 05:57:51,17,726
2,false,1839,2020-10-01 19:27:23,22,500
10,false,8938,2020-10-16 21:45:48,3,182
3,true,1423,2021-01-08 20:00:51,67,478
10,true,9125,2020-07-30 14:09:20,10,149
4,true,3523,2020-07-13 04:40:22,187,91
4,false,4806,2020-07-15 20:36:45,147,924
5,false,3123,2020-11-04 13:45:14,418,619
1,true,8415,2020-05-04 11:13:42,250,986
6,false,4808,2020-04-08 20:39:40,365,959
7,true,1128,2020-08-20 11:16:02,36,613
10,true,6276,2020-02-19 04:27:56,233,385
9,true,7891,2020-03-11 04:07:52,189,464
6,true,5042,2020-10-26 08:57:07,126,418
2,false,9705,2020-10-10 23:14:25,299,966
8,true,3205,2020-10-10 16:00:12,3,584
9,false,4399,2020-12-27 01:32:09,437,809
10,false,6598,2020-12-18 00:30:23,335,308
3,true,6832,2020-06-11 07:51:21,311,767
1,false,6548,2020-03-31 01:40:59,235,96
6,false,6858,2020-02-11 05:47:04,341,49
9,true,4371,2020-04-19 00:22:41,430,741
10,false,3796,2020-12-25 17:14:59,111,692
8,false,7833,2020-09-18 15:20:58,11,441
10,false,6129,2020-07-29 17:47:54,359,729
10,true,2479,2020-08-09 01:29:27,167,849
10,true,6161,2020-08-19 04:16:22,287,871
10,false,7852,2020-10-07 15:06:33,397,830
5,true,1257,2020-10-20 01:03:32,136,915
3,true,696,2020-08-16 02:03:52,424,190
2,true,5087,2020-09-02 17:57:07,419,285
9,true,6478,2020-03-16 00:31:45,335,909
1,true,1001,2020-08-14 15:18:24,19,773
5,true,829,2020-06-28 18:13:37,445,150
1,true,8236,2020-11-18 06:43:08,50,848
7,true,9152,2020-09-29 21:34:55,64,220
6,true,6965,2020-03-26 01:27:21,112,717
3,false,8707,2020-04-14 16:27:57,193,609
9,false,8724,2020-10-11 20:56:52,365,447
9,true,4137,2020-08-08 07:48:54,199,147
9,false,5580,2020-11-03 19:24:02,286,845
4,false,2946,2020-11-15 22:40:06,176,229
9,true,7038,2020-03-22 11:42:39,253,807
6,false,8394,2020-05-15 19:20:50,415,33
3,false,9140,2020-04-14 16:53:34,444,737
1,false,7671,2020-12-08 18:31:30,262,837
6,true,6929,2020-03-11 19:07:43,63,201
9,true,4721,2020-12-03 01:40:37,335,476
8,true,5503,2020-12-24 16:46:32,401,471
4,false,2387,2020-09-08 21:15:30,144,426
7,false,7884,2020-06-29 20:06:17,403,101
8,true,5281,2020-03-31 23:11:44,61,440
6,false,630,2020-05-14 12:37:52,425,80
10,false,5891,2020-09-25 20:17:03,428,253
4,true,5118,2020-12-25 11:41:04,343,792
1,true,4117,2020-12-19 16:02:57,436,986
6,true,1395,2021-01-08 12:51:25,297,549
6,false,6116,2020-07-03 15:18:29,208,172
3,true,8356,2020-05-08 07:33:55,248,668
5,false,965,2020-12-19 07:06:09,40,870
9,false,6845,2020-02-11 08:48:05,273,612
9,false,5208,2020-04-08 11:34:02,208,175
2,true,1291,2020-08-29 16:12:52,420,995
7,true,861,2020-01-24 13:41:22,403,830
4,true,7071,2020-05-03 22:50:29,422,310
5,true,1345,2021-01-09 08:06:37,40,987
1,false,1485,2020-03-19 12:33:20,39,807
1,true,9407,2020-12-19 02:44:09,372,485
4,false,6296,2020-03-20 18:54:00,396,872
4,true,4411,2020-04-29 06:15:18,141,972
4,true,4281,2020-03-01 23:22:36,289,517
3,true,9438,2020-03-14 04:12:49,401,536
6,false,926,2020-07-24 11:03:14,118,106
10,true,1401,2020-12-03 15:05:01,192,978
6,false,5987,2020-03-28 00:50:54,339,448
1,false,2251,2020-05-05 07:07:39,26,818
2,false,3172,2020-05-18 06:03:53,406,521
5,false,1005,2020-11-07 18:59:40,243,476
4,true,6701,2020-08-18 06:53:37,367,240
6,true,5849,2020-11-16 04:52:04,268,353
9,false,1018,2020-05-18 06:24:24,187,830
4,false,4479,2020-03-10 07:05:52,143,619
8,true,5583,2020-10-19 08:26:08,361,872
1,true,6089,2020-12-13 08:53:42,358,645
7,true,6301,2020-01-31 20:44:17,37,969
6,false,2213,2020-03-19 03:52:56,307,326
4,true,4002,2020-09-10 02:28:52,85,247
10,false,9712,2020-06-13 20:56:17,230,902
3,true,8024,2020-05-10 09:38:47,307,500
9,true,3583,2020-01-15 23:18:09,36,769
10,false,203,2020-11-16 00:59:24,292,198
8,false,6605,2020-05-21 00:23:48,12,71
3,false,2102,2020-09-25 07:12:06,308,231
2,false,7556,2020-07-23 14:25:16,406,979
2,true,2181,2020-08-08 18:22:05,245,202
3,true,6786,2021-01-07 00:53:04,55,83
4,true,3944,2020-11-01 11:46:16,406,770
1,false,2907,2020-10-05 08:34:52,245,268
5,true,6578,2020-02-06 23:07:55,76,97
8,true,5644,2020-02-22 14:20:57,269,429
10,false,6107,2020-04-11 03:16:29,246,301
8,true,5273,2020-03-18 22:15:13,66,120
4,true,7582,2020-05-16 02:55:14,145,962
7,true,4535,2020-12-28 23:48:00,232,235
9,true,6208,2020-07-08 06:46:21,430,637
10,false,9698,2020-12-16 09:35:22,325,65
5,true,564,2020-08-11 06:33:53,89,595
10,true,360,2020-10-02 06:43:31,245,457
6,true,9444,2020-06-20 05:36:35,287,71
10,true,1871,2020-06-10 16:42:06,149,507
1,true,9806,2020-04-03 08:47:16,95,733
3,true,2582,2020-06-29 14:10:45,164,14
1,false,5100,2020-08-07 08:41:45,312,546
5,false,4225,2020-03-11 10:02:44,155,515
1,false,9090,2020-04-05 22:42:26,249,487
6,false,8137,2020-06-09 02:03:17,286,14
6,false,5527,2020-03-24 23:53:07,86,629
1,true,7057,2020-03-23 03:32:27,275,174
1,true,1708,2021-01-04 18:21:28,353,524
2,false,3511,2020-10-29 10:10:10,165,739
2,false,704,2020-06-04 07:18:42,139,187
4,true,4564,2020-02-19 12:32:03,419,839
4,false,4555,2020-03-26 05:03:06,265,466
8,false,7602,2020-12-05 17:09:16,69,193
5,true,612,2020-07-01 23:35:28,102,309
2,false,3936,2020-07-20 05:17:04,223,853
2,true,1956,2020-11-16 17:04:01,284,418
7,true,1002,2020-04-20 08:14:20,74,757
4,false,9851,2020-05-20 02:46:20,181,114
3,false,9243,2021-01-08 01:28:44,431,735
6,true,1000,2020-06-07 09:58:21,160,373
5,false,7725,2020-11-01 18:17:30,161,823
3,true,4490,2020-05-04 06:24:56,67,820
10,false,9626,2020-10-12 21:42:20,112,509
3,false,6530,2020-04-12 20:17:19,86,132
2,true,8710,2020-06-17 03:29:11,125,134
2,true,1377,2020-12-27 23:46:06,394,343
4,true,7113,2020-06-19 05:02:01,216,674
9,false,2732,2021-01-03 22:36:17,52,911
3,true,1583,2020-09-19 01:29:18,151,509
5,false,3430,2021-01-11 23:11:37,392,277
6,true,8131,2020-01-27 07:12:42,425,326
4,true,8929,2020-09-19 03:00:17,150,126
7,true,2660,2020-08-02 23:42:30,137,287
10,false,4942,2020-02-20 17:45:26,86,1
4,true,8546,2020-06-08 19:19:56,279,158
10,true,4892,2020-12-07 13:58:07,32,199
3,true,3886,2020-10-13 23:05:08,71,350
7,true,919,2020-05-16 21:51:24,187,676
2,true,5321,2020-05-09 17:56:06,442,665
4,false,1063,2020-06-04 22:48:14,109,276
10,true,4542,2020-08-09 03:13:46,37,976
8,true,2750,2020-07-03 23:20:39,113,108
7,true,2759,2020-03-08 11:38:10,218,876
3,true,7241,2020-01-19 07:09:27,359,644
7,false,9712,2020-09-09 22:17:16,313,368
9,true,5885,2020-11-21 12:47:35,415,498
7,false,3720,2020-02-17 19:05:58,277,404
7,false,9885,2020-05-09 22:46:17,287,523
3,false,3646,2020-03-02 21:54:39,317,126
4,false,4498,2020-05-09 04:37:52,287,463
7,false,4859,2020-08-26 13:54:33,220,332
5,true,7978,2020-03-13 23:02:53,170,658
9,true,6087,2020-03-12 03:56:01,335,582
3,true,9674,2020-10-08 17:58:11,377,668
2,true,6895,2020-10-04 15:23:23,275,865
8,false,1204,2020-03-27 13:48:48,337,471
2,false,3181,2020-02-21 03:13:08,440,301
7,false,5341,2020-02-18 09:28:13,256,386
10,false,7612,2020-08-29 16:10:03,390,952
2,true,4171,2020-04-26 00:21:50,43,799
5,true,1165,2020-07-29 05:25:29,358,731
7,true,986,2020-04-04 01:52:11,391,654
6,true,5994,2020-10-23 15:46:22,53,889
6,false,7223,2020-11-09 03:41:27,3,417
4,false,5242,2021-01-12 07:59:02,63,548
5,false,1038,2020-03-07 10:03:29,19,811
8,true,8571,2020-01-24 15:12:23,301,472
4,true,446,2020-05-06 16:23:41,236,865
7,false,7450,2020-09-01 13:06:08,274,618
10,false,1209,2020-02-12 13:33:39,295,402
1,false,8212,2020-12-11 07:33:16,428,292
6,true,8131,2020-11-19 21:07:42,451,160
8,true,584,2020-09-04 01:20:22,390,741
8,false,2755,2021-01-04 05:52:03,80,365
6,true,4211,2020-10-18 13:00:25,147,285
9,false,3120,2020-05-23 21:59:31,290,142
4,true,9045,2020-01-16 04:31:16,326,338
2,true,8791,2020-06-16 06:25:12,78,51
5,false,5762,2020-07-11 21:15:11,149,650
4,false,4159,2020-11-17 08:05:54,227,401
10,true,6154,2020-11-08 22:37:00,341,236
2,false,7058,2020-07-07 15:30:32,112,798
