quantity,purchased,totalPrice,date,productId,orderId
5,TRUE,1381,2020-07-11 21:26:20,323,1
4,TRUE,310,2020-12-05 20:02:19,210,1
10,TRUE,4942,2020-02-20 17:45:26,86,1
10,TRUE,863,2020-03-20 10:55:05,391,2
3,TRUE,7348,2020-06-01 18:59:47,257,2
8,TRUE,7860,2020-11-07 03:15:50,343,2
3,TRUE,5082,2020-10-08 21:36:18,40,2
4,TRUE,8568,2020-12-27 04:09:30,164,2
10,TRUE,3295,2020-01-19 07:19:55,105,2
8,TRUE,1114,2020-08-12 18:18:05,264,3
6,TRUE,7545,2020-05-09 01:48:03,214,3
3,TRUE,9591,2020-03-06 05:26:13,15,4
7,TRUE,497,2020-09-14 02:19:12,324,5
8,TRUE,9797,2020-03-19 05:15:43,42,5
10,TRUE,3675,2020-11-15 11:36:56,220,5
6,TRUE,3183,2020-08-18 08:29:35,219,5
1,TRUE,9816,2020-03-11 07:18:24,204,5
2,TRUE,1326,2020-01-19 16:31:56,239,6
1,TRUE,6588,2020-07-31 07:43:22,78,7
6,TRUE,8085,2020-10-31 09:47:14,432,7
8,TRUE,8956,2020-09-10 04:36:35,187,8
3,TRUE,8994,2020-07-26 12:54:27,227,8
1,TRUE,6743,2020-12-02 22:50:11,341,8
2,TRUE,4151,2020-09-29 21:34:32,307,9
6,TRUE,9679,2020-02-07 00:58:11,427,10
5,TRUE,4955,2020-06-10 01:39:31,270,10
5,TRUE,1495,2020-07-19 15:44:19,360,11
1,TRUE,5707,2020-04-03 08:02:50,39,11
1,TRUE,3059,2020-02-24 15:42:54,110,12
2,TRUE,6903,2020-06-30 03:11:06,117,12
10,TRUE,3107,2020-12-06 06:41:10,124,12
10,TRUE,435,2020-04-06 03:13:53,373,12
3,TRUE,3492,2020-12-25 06:26:47,413,12
1,TRUE,3705,2020-01-29 14:45:42,447,12
6,TRUE,5437,2020-05-27 21:25:50,297,13
5,TRUE,6264,2020-09-07 22:36:28,13,13
6,TRUE,8271,2020-12-15 14:21:01,376,13
5,TRUE,5596,2020-11-11 02:54:32,410,13
6,TRUE,7785,2020-11-22 23:13:43,56,14
1,TRUE,4870,2020-04-12 02:58:37,291,14
3,TRUE,2582,2020-06-29 14:10:45,164,14
6,TRUE,8137,2020-06-09 02:03:17,286,14
5,TRUE,7763,2020-12-03 06:16:35,49,14
6,TRUE,3876,2020-02-21 01:11:19,452,15
9,TRUE,2227,2020-04-30 00:29:49,51,15
3,TRUE,8393,2020-02-11 05:35:02,209,15
9,TRUE,7255,2020-07-26 21:29:57,104,15
6,TRUE,2771,2020-12-04 10:19:51,213,15
6,TRUE,5832,2020-05-09 22:15:58,215,15
10,TRUE,4980,2020-08-01 20:07:51,422,15
1,TRUE,1835,2020-06-10 11:16:57,360,15
1,TRUE,9179,2020-08-08 05:22:47,301,15
3,TRUE,8198,2020-07-01 11:35:32,273,15
7,TRUE,1884,2020-08-17 16:33:39,397,16
2,TRUE,4760,2020-06-26 07:16:17,63,16
7,TRUE,2498,2020-06-21 04:13:29,18,16
7,TRUE,647,2020-02-08 03:26:10,253,16
4,TRUE,9415,2020-12-12 18:49:50,393,17
6,TRUE,1881,2020-03-06 02:05:53,447,17
1,TRUE,1963,2020-11-11 07:51:23,2,17
1,TRUE,5637,2020-08-28 09:18:54,173,17
4,TRUE,7067,2020-07-31 13:31:16,248,18
1,TRUE,705,2020-06-24 01:51:12,177,18
8,TRUE,2805,2020-09-16 23:12:01,380,18
9,TRUE,9880,2020-10-29 19:56:25,247,18
3,TRUE,2813,2020-12-28 13:33:25,16,20
8,TRUE,6242,2020-12-13 23:27:10,269,20
5,TRUE,7095,2020-09-25 15:12:00,194,21
5,TRUE,8656,2020-10-19 21:17:42,407,21
3,TRUE,6585,2020-09-26 17:39:40,162,22
9,TRUE,6554,2020-10-25 03:33:00,18,22
4,TRUE,9062,2020-07-14 15:22:34,24,22
9,TRUE,9112,2020-02-21 17:59:57,293,22
9,TRUE,5556,2020-06-05 14:40:19,396,23
5,TRUE,9057,2020-01-20 13:32:27,233,24
2,TRUE,203,2020-11-02 18:31:24,402,24
8,TRUE,9311,2020-07-12 06:51:16,258,24
7,TRUE,7370,2020-02-16 22:07:03,268,25
4,TRUE,6167,2020-05-20 16:40:35,272,25
1,TRUE,2981,2020-02-16 13:06:56,314,25
4,TRUE,6947,2020-10-04 22:23:09,129,26
8,TRUE,5827,2020-06-12 01:07:57,96,27
8,TRUE,3812,2020-09-19 08:21:43,107,27
3,TRUE,4691,2020-10-02 21:20:58,153,27
1,TRUE,2491,2020-09-03 22:36:29,245,28
3,TRUE,2563,2020-03-13 20:23:03,158,29
1,TRUE,3653,2020-08-28 20:45:24,303,29
4,TRUE,4134,2020-04-01 00:50:46,286,29
8,TRUE,6205,2020-06-06 17:00:50,318,29
10,TRUE,9706,2020-09-12 03:27:23,227,29
1,TRUE,4254,2020-09-07 22:48:26,165,29
1,TRUE,4994,2020-09-11 00:24:50,108,30
1,TRUE,8985,2020-05-27 18:32:21,219,30
9,TRUE,9374,2020-03-07 19:05:19,193,30
4,TRUE,5156,2020-12-11 12:57:56,263,31
6,TRUE,7388,2020-03-09 13:06:34,269,31
3,TRUE,3841,2020-09-09 17:40:50,435,31
2,TRUE,9568,2020-10-02 06:47:00,129,31
7,TRUE,2822,2020-08-02 04:54:35,445,32
1,TRUE,7622,2020-06-09 19:18:17,328,32
2,TRUE,5988,2020-12-20 21:40:48,271,33
2,TRUE,8948,2020-09-09 16:48:31,358,33
8,TRUE,9758,2020-04-08 16:14:19,116,33
6,TRUE,8394,2020-05-15 19:20:50,415,33
6,TRUE,7157,2020-09-09 07:53:37,163,34
8,TRUE,9258,2020-02-27 01:52:15,343,34
4,TRUE,415,2020-10-27 21:42:46,63,34
9,TRUE,8028,2020-07-30 05:22:47,256,34
2,TRUE,7954,2020-09-18 18:36:57,324,34
8,TRUE,7013,2020-05-30 16:40:32,109,34
1,TRUE,4001,2020-05-05 20:48:01,296,35
4,TRUE,3898,2020-02-12 10:53:22,63,35
6,TRUE,9119,2020-02-27 08:55:09,133,36
3,TRUE,1038,2020-06-29 16:20:03,349,36
9,TRUE,3500,2020-09-23 21:59:55,423,37
2,TRUE,5178,2020-05-23 00:52:43,396,37
8,TRUE,6868,2020-05-31 20:27:12,366,37
3,TRUE,3310,2020-10-03 22:29:57,396,38
7,TRUE,9191,2020-08-15 10:28:59,189,38
4,TRUE,9749,2020-11-15 04:24:33,22,39
2,TRUE,4612,2020-10-23 14:41:28,403,39
2,TRUE,4701,2020-09-02 08:29:30,397,39
7,TRUE,4072,2020-02-08 19:43:20,446,39
3,TRUE,6638,2020-09-19 16:18:46,11,39
7,TRUE,5524,2020-05-10 09:57:48,62,40
10,TRUE,4719,2020-11-26 10:03:06,355,41
9,TRUE,8210,2020-03-19 12:33:31,84,41
7,TRUE,2896,2020-07-05 13:27:30,412,41
7,TRUE,2914,2020-07-05 16:56:16,392,41
6,TRUE,7148,2020-09-08 16:45:16,188,42
7,TRUE,4968,2020-02-02 06:12:11,251,42
3,TRUE,9949,2020-04-17 07:08:14,431,43
5,TRUE,6630,2020-02-17 08:20:34,272,44
6,TRUE,6878,2020-06-20 02:02:43,152,45
9,TRUE,4853,2020-02-10 09:39:48,97,45
10,TRUE,9326,2020-09-25 22:56:53,348,45
10,TRUE,9665,2020-01-28 22:37:47,427,45
1,TRUE,1609,2020-11-29 01:14:47,447,45
5,TRUE,2749,2020-07-12 21:39:29,320,45
10,TRUE,2271,2020-11-03 02:52:03,244,45
1,TRUE,3867,2020-02-12 06:17:37,318,46
9,TRUE,8203,2021-01-05 11:45:15,439,46
2,TRUE,4776,2021-01-05 05:15:12,451,46
9,TRUE,5676,2020-09-10 03:02:13,154,46
8,TRUE,7355,2020-01-20 20:45:02,278,47
10,TRUE,4650,2020-04-23 06:43:28,145,47
10,TRUE,9746,2020-12-20 16:14:36,14,48
8,TRUE,3013,2020-05-22 09:54:02,155,48
10,TRUE,2137,2020-08-03 19:14:31,310,49
7,TRUE,4301,2020-11-12 22:46:24,66,49
6,TRUE,6858,2020-02-11 05:47:04,341,49
8,TRUE,1660,2020-07-01 06:05:36,13,49
5,TRUE,9240,2020-09-09 23:17:35,87,49
3,TRUE,5201,2020-07-10 01:05:14,434,49
5,TRUE,3032,2020-08-02 20:05:07,202,50
1,TRUE,6185,2020-03-31 11:44:36,405,50
9,TRUE,5521,2020-07-30 01:25:33,270,50
1,TRUE,4542,2020-02-13 22:32:54,180,50
3,TRUE,3004,2020-09-19 05:04:34,261,51
8,TRUE,271,2020-12-04 15:08:10,308,51
4,TRUE,3350,2020-03-18 00:42:16,397,51
9,TRUE,1454,2020-05-16 05:14:55,361,51
3,TRUE,5793,2020-01-20 20:06:54,254,51
6,TRUE,3862,2020-10-29 18:57:15,180,51
2,TRUE,8791,2020-06-16 06:25:12,78,51
2,TRUE,9945,2020-03-30 20:31:23,306,53
2,TRUE,3412,2020-05-11 04:30:43,283,53
1,TRUE,4049,2020-10-08 16:49:01,45,53
5,TRUE,4737,2020-09-24 09:26:30,236,53
5,TRUE,9326,2020-11-14 09:21:07,278,54
10,TRUE,9001,2020-11-30 14:08:11,88,54
1,TRUE,2538,2020-07-15 11:44:52,283,55
7,TRUE,8422,2020-04-29 03:44:42,160,55
10,TRUE,1828,2020-03-11 14:40:50,238,56
3,TRUE,3929,2020-10-27 08:31:08,42,56
2,TRUE,3696,2020-03-24 16:37:45,145,57
4,TRUE,7426,2020-09-01 21:38:57,387,57
2,TRUE,1889,2020-01-15 17:26:04,372,59
8,TRUE,3840,2020-03-23 16:14:13,445,60
1,TRUE,6994,2020-02-29 05:40:18,398,60
6,TRUE,8009,2020-05-15 11:11:44,405,60
5,TRUE,3280,2020-04-10 23:46:38,443,60
8,TRUE,2971,2020-11-10 19:48:19,194,61
3,TRUE,3822,2020-09-08 11:09:13,161,62
1,TRUE,2369,2020-02-06 17:10:52,246,62
1,TRUE,1510,2020-10-18 14:26:57,344,62
2,TRUE,832,2020-07-28 23:54:07,155,63
1,TRUE,2750,2020-03-14 15:19:36,50,63
5,TRUE,8256,2020-09-08 20:58:42,67,64
9,TRUE,7430,2020-04-30 22:37:43,323,64
9,TRUE,321,2020-03-13 13:02:51,377,64
7,TRUE,3394,2021-01-05 06:14:54,95,64
1,TRUE,2611,2020-05-09 02:40:58,291,65
8,TRUE,8517,2020-12-04 05:22:36,257,65
1,TRUE,2422,2020-01-15 11:22:17,67,65
10,TRUE,9698,2020-12-16 09:35:22,325,65
2,TRUE,9007,2020-02-18 00:23:10,286,65
9,TRUE,9110,2020-10-28 03:18:33,340,66
4,TRUE,6780,2020-10-23 08:21:02,322,67
4,TRUE,6280,2020-07-06 23:14:43,14,67
5,TRUE,4269,2020-11-04 21:26:25,65,68
3,TRUE,5902,2020-12-16 13:29:14,107,68
2,TRUE,4627,2020-04-27 14:36:16,119,68
5,TRUE,8653,2020-03-29 00:07:54,151,69
9,TRUE,5700,2020-03-25 22:45:37,449,69
9,TRUE,4636,2020-06-13 05:33:26,152,69
5,TRUE,7949,2020-09-29 22:40:53,362,70
8,TRUE,7917,2020-03-08 17:54:25,44,70
9,TRUE,5891,2020-09-04 11:26:26,97,70
2,TRUE,510,2020-08-07 10:44:17,64,71
3,TRUE,9493,2020-01-27 16:25:54,115,71
8,TRUE,6605,2020-05-21 00:23:48,12,71
6,TRUE,9444,2020-06-20 05:36:35,287,71
8,TRUE,2298,2020-03-10 16:53:30,429,72
10,TRUE,9573,2020-05-01 05:13:14,283,73
2,TRUE,213,2020-01-14 19:18:55,88,73
8,TRUE,543,2020-06-15 06:43:58,354,74
2,TRUE,1429,2020-09-04 05:24:49,43,74
6,TRUE,3886,2020-05-20 17:01:27,267,74
1,TRUE,2837,2020-12-24 10:45:33,26,74
5,TRUE,9607,2020-06-04 23:26:59,152,75
6,TRUE,361,2021-01-04 03:33:57,85,75
1,TRUE,5631,2020-06-09 18:59:29,44,75
6,TRUE,6273,2020-01-20 14:57:16,95,76
4,TRUE,5604,2020-10-28 04:48:50,302,76
8,TRUE,6222,2020-07-03 12:57:18,108,76
3,TRUE,6935,2020-12-21 16:51:42,308,76
4,TRUE,7658,2020-06-20 05:50:36,47,76
3,TRUE,4071,2020-05-03 06:05:37,286,77
3,TRUE,6416,2020-03-06 01:03:58,122,77
1,TRUE,1219,2020-12-07 10:35:45,293,78
8,TRUE,2186,2020-08-26 13:32:24,427,79
3,TRUE,3481,2020-10-05 23:11:02,295,79
6,TRUE,7680,2020-07-06 21:17:22,272,79
4,TRUE,7276,2020-10-08 03:22:23,362,79
3,TRUE,3872,2020-12-31 01:59:31,349,79
7,TRUE,5312,2020-04-27 17:56:00,342,80
9,TRUE,8122,2020-08-18 15:04:17,247,80
6,TRUE,630,2020-05-14 12:37:52,425,80
7,TRUE,4521,2020-02-10 10:43:01,319,81
9,TRUE,9332,2020-08-15 15:25:57,275,81
3,TRUE,4910,2020-10-20 09:33:09,224,83
4,TRUE,8644,2020-03-29 00:34:58,359,83
3,TRUE,2080,2020-05-04 19:24:38,84,83
3,TRUE,6786,2021-01-07 00:53:04,55,83
1,TRUE,2503,2020-10-18 15:57:14,372,83
3,TRUE,7117,2020-08-18 19:12:31,328,83
1,TRUE,2669,2020-06-09 05:34:58,258,84
5,TRUE,3973,2020-11-17 09:01:20,97,84
1,TRUE,7645,2020-03-21 13:20:17,176,84
2,TRUE,4797,2020-03-12 18:30:22,429,84
6,TRUE,1453,2020-10-08 10:55:53,87,85
9,TRUE,7044,2020-04-03 14:31:18,377,85
8,TRUE,2777,2020-09-01 19:19:38,30,85
2,TRUE,1364,2020-08-16 09:10:44,236,85
2,TRUE,4888,2020-12-08 17:52:06,329,85
8,TRUE,9067,2020-12-10 01:39:46,352,86
10,TRUE,7551,2020-02-27 22:57:16,153,86
1,TRUE,3852,2020-12-20 02:20:25,342,87
4,TRUE,2050,2020-05-15 09:48:18,361,87
3,TRUE,8387,2020-07-04 07:45:08,452,87
3,TRUE,7592,2020-12-31 02:34:24,192,87
9,TRUE,7089,2020-09-19 07:57:49,229,88
9,TRUE,7271,2020-12-31 04:59:43,320,88
4,TRUE,5646,2020-02-09 01:58:44,303,88
9,TRUE,6610,2020-07-31 01:10:15,430,88
6,TRUE,1958,2020-10-14 01:59:54,391,89
3,TRUE,632,2020-04-06 19:06:26,299,89
4,TRUE,7482,2020-05-20 00:54:09,450,90
3,TRUE,3332,2020-09-09 00:29:32,292,90
3,TRUE,3439,2020-12-05 06:11:03,191,91
4,TRUE,3523,2020-07-13 04:40:22,187,91
10,TRUE,8703,2020-01-17 15:00:45,102,91
10,TRUE,2783,2020-07-29 08:56:30,121,93
2,TRUE,3232,2020-07-28 22:42:54,267,93
4,TRUE,1198,2020-11-03 09:16:19,310,94
9,TRUE,7932,2020-05-14 04:00:02,278,95
4,TRUE,7386,2020-05-29 21:59:27,390,95
10,TRUE,1508,2020-04-16 19:03:54,271,95
1,TRUE,6548,2020-03-31 01:40:59,235,96
5,TRUE,6578,2020-02-06 23:07:55,76,97
5,TRUE,9849,2020-04-28 20:14:07,121,98
9,TRUE,1856,2020-03-31 21:07:11,350,98
8,TRUE,5844,2020-05-12 05:28:29,439,98
7,TRUE,1935,2020-05-11 13:35:51,284,98
9,TRUE,2077,2020-09-25 10:51:46,177,99
5,TRUE,8821,2020-10-27 01:21:15,65,99
10,TRUE,8060,2020-08-06 23:02:49,82,99
5,TRUE,9974,2020-04-19 23:24:51,450,99
2,TRUE,3798,2020-11-03 23:45:10,275,99
8,TRUE,3577,2020-04-04 02:11:50,230,100
1,TRUE,8012,2020-05-23 11:53:25,167,101
6,TRUE,2841,2020-11-14 17:33:52,182,101
10,TRUE,7509,2020-12-24 00:15:09,7,101
10,TRUE,4966,2020-06-17 18:57:12,377,101
7,TRUE,7884,2020-06-29 20:06:17,403,101
4,TRUE,6045,2020-02-05 13:02:06,394,101
2,TRUE,4714,2020-10-05 21:06:44,260,102
4,TRUE,9172,2020-10-31 00:09:57,266,102
4,TRUE,3161,2020-04-10 16:41:00,57,103
7,TRUE,820,2020-06-29 12:38:28,324,103
6,TRUE,883,2020-03-03 04:22:21,60,103
9,TRUE,2519,2020-06-03 07:23:05,49,103
3,TRUE,9282,2020-12-28 09:33:13,37,103
3,TRUE,2847,2020-09-10 22:22:40,30,103
7,TRUE,5166,2020-12-21 07:10:11,213,104
9,TRUE,2793,2020-11-15 12:03:03,187,104
10,TRUE,9024,2020-03-08 16:41:28,64,104
9,TRUE,635,2020-11-24 05:59:04,125,105
3,TRUE,5215,2020-04-30 01:01:40,293,105
10,TRUE,8601,2020-12-21 01:51:32,114,105
9,TRUE,7997,2020-02-08 19:09:41,18,105
2,TRUE,7689,2020-04-04 20:31:23,289,105
9,TRUE,1969,2020-07-29 18:22:22,13,105
3,TRUE,6889,2020-09-01 12:46:49,120,105
10,TRUE,6208,2020-09-05 19:03:19,249,106
6,TRUE,926,2020-07-24 11:03:14,118,106
8,TRUE,1214,2020-06-17 08:00:30,147,107
10,TRUE,408,2020-02-26 11:59:38,73,107
8,TRUE,3059,2020-04-01 19:20:02,133,107
2,TRUE,5105,2020-08-15 07:47:43,130,108
5,TRUE,6483,2020-09-08 04:17:45,129,108
8,TRUE,2750,2020-07-03 23:20:39,113,108
5,TRUE,852,2020-07-22 22:15:04,382,108
9,TRUE,492,2020-07-17 09:09:43,451,109
7,TRUE,710,2020-03-08 05:00:40,350,109
8,TRUE,9828,2020-10-27 16:44:08,267,109
3,TRUE,2262,2020-11-30 06:37:33,57,110
9,TRUE,1310,2020-04-07 16:54:28,402,110
6,TRUE,2267,2020-04-10 08:28:43,103,110
6,TRUE,8529,2020-04-30 18:16:49,401,110
10,TRUE,7093,2020-12-19 11:55:23,342,111
10,TRUE,6089,2020-05-02 15:07:37,124,112
4,TRUE,7410,2020-06-14 14:32:12,366,112
6,TRUE,5061,2020-06-18 05:00:38,75,114
5,TRUE,9349,2020-04-01 16:05:36,38,114
6,TRUE,8813,2020-05-27 11:21:51,202,114
1,TRUE,1694,2020-10-05 21:20:14,106,114
4,TRUE,9851,2020-05-20 02:46:20,181,114
10,TRUE,7921,2021-01-11 09:54:32,68,115
4,TRUE,1069,2020-03-30 04:33:45,144,115
2,TRUE,4706,2020-07-16 21:38:46,425,115
8,TRUE,5288,2020-02-20 03:54:29,196,115
4,TRUE,6989,2020-07-06 15:04:43,15,116
9,TRUE,3807,2020-12-14 18:28:02,359,117
8,TRUE,6805,2020-04-24 16:03:51,181,118
7,TRUE,6559,2020-12-07 17:21:14,340,118
10,TRUE,6921,2020-02-26 00:18:19,207,119
5,TRUE,2843,2020-09-30 16:37:17,151,119
3,TRUE,8034,2020-12-15 14:01:51,68,119
2,TRUE,4941,2020-12-06 20:44:03,383,120
8,TRUE,5273,2020-03-18 22:15:13,66,120
4,TRUE,7718,2020-11-10 02:48:21,273,120
4,TRUE,6691,2020-02-11 21:41:51,286,121
5,TRUE,5741,2020-01-14 21:41:46,440,121
9,TRUE,9515,2020-10-10 10:45:15,131,121
10,TRUE,2928,2020-10-02 15:18:22,123,122
2,TRUE,217,2020-04-20 09:08:34,306,122
10,TRUE,9963,2020-01-26 04:50:07,250,123
1,TRUE,8817,2020-03-18 17:01:06,134,123
10,TRUE,6329,2020-06-04 07:31:42,344,124
6,TRUE,3877,2020-01-18 05:24:12,21,125
5,TRUE,8339,2020-09-10 18:33:09,32,125
4,TRUE,7640,2020-07-31 07:57:34,10,125
10,TRUE,2270,2021-01-08 21:59:31,92,126
4,TRUE,8205,2020-10-02 21:21:27,297,126
4,TRUE,3010,2020-05-04 15:33:58,278,126
4,TRUE,8929,2020-09-19 03:00:17,150,126
3,TRUE,3646,2020-03-02 21:54:39,317,126
3,TRUE,892,2020-05-02 17:31:57,301,127
2,TRUE,894,2020-08-26 03:58:34,128,128
1,TRUE,2012,2020-07-24 03:52:38,276,129
5,TRUE,4945,2020-06-20 12:13:12,126,129
3,TRUE,1175,2020-05-20 18:27:09,87,130
7,TRUE,6955,2020-03-01 05:52:23,184,130
1,TRUE,441,2020-02-28 15:52:34,438,130
4,TRUE,3110,2020-03-08 00:34:31,67,130
1,TRUE,2621,2020-02-01 09:32:14,98,131
4,TRUE,1333,2020-09-12 17:26:18,445,131
10,TRUE,5524,2020-08-15 18:13:40,138,132
2,TRUE,4361,2020-12-15 15:16:11,422,132
3,TRUE,6530,2020-04-12 20:17:19,86,132
10,TRUE,9676,2021-01-10 19:26:51,302,133
8,TRUE,2446,2020-08-30 12:05:27,155,133
1,TRUE,5701,2020-05-14 06:20:15,142,133
9,TRUE,5987,2020-01-23 17:21:53,339,133
8,TRUE,3719,2020-06-17 13:12:03,103,133
6,TRUE,5795,2021-01-12 02:17:38,216,133
2,TRUE,8710,2020-06-17 03:29:11,125,134
8,TRUE,9699,2020-07-19 01:22:17,252,135
6,TRUE,6363,2020-09-06 11:23:48,234,136
1,TRUE,4049,2020-12-16 21:28:10,451,136
2,TRUE,9372,2020-05-30 13:55:23,166,136
8,TRUE,2666,2020-08-06 23:14:47,246,137
9,TRUE,4299,2021-01-13 14:08:43,395,137
2,TRUE,4409,2020-04-18 21:10:27,229,137
7,TRUE,9231,2020-12-30 03:45:49,442,138
8,TRUE,331,2020-02-19 08:50:56,411,138
5,TRUE,9448,2020-03-18 14:08:46,269,138
7,TRUE,2119,2020-02-06 12:26:19,341,138
2,TRUE,5681,2020-06-14 22:12:15,415,138
10,TRUE,891,2020-09-30 11:43:37,232,139
8,TRUE,8260,2020-06-13 16:36:40,314,139
2,TRUE,6445,2020-04-20 05:01:58,446,140
1,TRUE,9558,2020-02-19 20:56:19,224,140
2,TRUE,3506,2020-06-22 22:44:44,179,140
4,TRUE,6911,2020-06-11 14:32:52,260,140
4,TRUE,4622,2020-02-18 22:00:31,248,140
1,TRUE,8810,2020-12-31 00:28:17,29,140
9,TRUE,7653,2020-11-20 10:34:10,413,141
2,TRUE,7560,2020-01-24 01:53:29,81,141
1,TRUE,5937,2020-03-28 19:56:21,290,141
4,TRUE,3493,2020-06-15 14:07:41,231,141
7,TRUE,5849,2020-01-19 09:41:15,443,141
3,TRUE,2430,2020-02-22 15:30:43,359,141
2,TRUE,5393,2020-12-02 20:17:27,47,142
5,TRUE,3451,2020-11-16 10:03:22,135,142
9,TRUE,3120,2020-05-23 21:59:31,290,142
9,TRUE,3785,2020-01-19 18:34:27,49,143
1,TRUE,1412,2020-11-14 08:07:25,315,143
9,TRUE,4455,2020-02-01 08:16:28,447,143
3,TRUE,9934,2020-09-29 14:08:06,396,143
5,TRUE,7260,2020-09-04 00:06:52,323,143
2,TRUE,2269,2020-12-27 08:42:04,298,144
3,TRUE,3617,2020-11-17 01:01:17,118,144
8,TRUE,5605,2020-11-15 13:15:44,169,145
8,TRUE,9812,2020-05-15 19:02:18,448,145
3,TRUE,1542,2020-08-10 03:51:36,315,145
7,TRUE,6876,2020-07-18 01:58:49,320,146
10,TRUE,5336,2020-04-13 08:01:44,301,147
5,TRUE,5297,2020-04-19 17:10:38,371,147
3,TRUE,9022,2020-11-24 04:34:13,232,147
8,TRUE,5414,2020-03-01 23:32:39,402,147
5,TRUE,4175,2020-04-28 05:55:25,205,147
9,TRUE,4137,2020-08-08 07:48:54,199,147
9,TRUE,3776,2020-06-12 22:12:41,25,147
8,TRUE,2063,2020-04-13 10:56:41,328,148
10,TRUE,9125,2020-07-30 14:09:20,10,149
2,TRUE,4228,2020-10-25 08:09:47,242,150
3,TRUE,4714,2020-10-31 09:16:51,112,150
4,TRUE,4808,2020-11-19 22:04:21,343,150
10,TRUE,5804,2020-05-16 06:48:05,289,150
5,TRUE,829,2020-06-28 18:13:37,445,150
7,TRUE,1599,2020-03-02 21:37:16,308,152
9,TRUE,3279,2020-03-05 11:14:27,212,152
3,TRUE,9459,2020-10-22 19:32:08,21,152
7,TRUE,8628,2020-08-25 07:34:16,399,152
9,TRUE,7566,2020-01-28 16:12:49,3,152
5,TRUE,3944,2020-06-09 05:03:15,258,153
6,TRUE,6864,2020-02-10 20:04:50,27,153
5,TRUE,4401,2020-02-04 03:11:34,365,155
9,TRUE,9322,2020-12-01 18:59:48,38,156
6,TRUE,1263,2020-05-05 17:55:03,15,156
9,TRUE,595,2020-07-16 01:13:16,79,157
3,TRUE,4832,2020-06-20 17:10:32,269,157
10,TRUE,2156,2020-08-21 10:06:18,293,158
2,TRUE,9618,2020-12-21 06:32:08,146,158
4,TRUE,8546,2020-06-08 19:19:56,279,158
6,TRUE,1208,2020-03-03 21:34:18,153,158
9,TRUE,3910,2020-07-11 19:28:10,92,158
5,TRUE,1027,2020-02-11 23:00:00,77,159
8,TRUE,6849,2020-06-18 00:57:33,239,159
5,TRUE,6050,2020-11-21 09:40:56,196,159
6,TRUE,2966,2020-12-12 07:29:12,74,159
9,TRUE,8442,2021-01-13 06:07:02,218,160
6,TRUE,8131,2020-11-19 21:07:42,451,160
9,TRUE,5276,2020-10-23 17:36:01,286,161
3,TRUE,8725,2021-01-09 20:13:54,408,161
3,TRUE,2031,2020-04-15 17:55:50,416,161
6,TRUE,5558,2020-07-30 06:55:48,311,161
7,TRUE,626,2020-02-10 00:39:54,52,161
3,TRUE,7961,2020-09-26 11:43:22,57,162
1,TRUE,4185,2020-09-21 19:51:06,251,163
1,TRUE,9060,2021-01-04 20:35:46,334,163
1,TRUE,5735,2020-10-26 16:36:48,261,164
9,TRUE,3697,2020-09-01 18:27:58,112,164
5,TRUE,4069,2020-06-02 09:45:04,231,165
2,TRUE,7776,2020-04-01 17:14:43,440,165
8,TRUE,6665,2020-09-23 07:25:00,240,166
6,TRUE,286,2020-08-23 01:27:46,64,167
3,TRUE,975,2020-04-18 05:54:11,442,167
1,TRUE,8202,2020-08-16 22:03:33,443,167
2,TRUE,7655,2020-03-30 02:53:11,404,168
4,TRUE,1287,2020-04-22 23:58:14,431,168
2,TRUE,9187,2020-06-28 18:57:17,179,168
5,TRUE,4862,2020-08-07 11:53:26,284,170
7,TRUE,475,2020-10-07 01:07:32,40,171
7,TRUE,630,2020-07-07 06:00:50,238,171
10,TRUE,5987,2020-06-25 15:00:10,321,171
4,TRUE,3117,2020-11-10 07:11:24,95,171
1,TRUE,6025,2020-04-25 22:54:09,81,172
7,TRUE,5179,2020-10-23 13:44:08,161,172
6,TRUE,6116,2020-07-03 15:18:29,208,172
4,TRUE,4858,2020-08-25 17:25:23,249,172
5,TRUE,6279,2021-01-03 05:37:49,425,173
5,TRUE,7171,2020-06-26 15:15:10,179,173
1,TRUE,6049,2021-01-04 10:21:45,446,174
7,TRUE,3764,2020-12-19 18:42:29,247,174
10,TRUE,1591,2020-03-10 03:54:23,409,174
1,TRUE,7057,2020-03-23 03:32:27,275,174
1,TRUE,3806,2020-10-21 04:03:10,368,174
4,TRUE,6792,2020-02-20 13:36:18,85,175
9,TRUE,3993,2021-01-10 16:18:16,94,175
8,TRUE,3862,2020-08-17 04:53:20,40,175
9,TRUE,1588,2020-08-03 19:59:15,357,175
5,TRUE,9724,2020-08-20 19:08:35,162,175
9,TRUE,5208,2020-04-08 11:34:02,208,175
8,TRUE,9393,2020-03-24 20:29:11,420,176
4,TRUE,2687,2020-04-30 07:23:05,155,176
9,TRUE,1978,2020-01-29 02:37:39,168,176
6,TRUE,1201,2020-02-12 06:46:20,119,177
10,TRUE,8234,2020-10-22 05:58:48,383,178
10,TRUE,8340,2020-11-28 23:54:36,80,178
1,TRUE,6406,2020-06-03 10:47:08,340,179
7,TRUE,7177,2020-01-25 07:58:46,228,179
7,TRUE,3903,2020-08-28 04:29:57,420,179
9,TRUE,8645,2020-06-17 12:46:03,371,181
9,TRUE,2031,2020-05-02 09:06:52,94,181
8,TRUE,3729,2020-05-15 05:58:36,323,181
4,TRUE,625,2020-08-13 21:29:21,109,181
3,TRUE,5211,2020-05-04 19:08:21,234,181
9,TRUE,4303,2020-08-07 11:40:54,192,181
9,TRUE,7192,2020-12-25 02:01:14,299,182
6,TRUE,3385,2020-07-17 09:43:00,272,182
5,TRUE,5851,2020-05-08 06:35:00,322,182
10,TRUE,8938,2020-10-16 21:45:48,3,182
3,TRUE,6638,2020-02-13 19:01:38,351,183
5,TRUE,2412,2020-09-05 19:58:16,301,184
6,TRUE,6925,2020-09-06 23:12:06,361,184
9,TRUE,2751,2020-05-28 22:31:38,361,185
6,TRUE,723,2020-02-29 04:32:30,221,185
1,TRUE,7248,2020-11-24 19:53:26,262,185
4,TRUE,9829,2020-09-26 03:28:17,24,185
5,TRUE,6121,2020-10-07 01:23:50,202,186
6,TRUE,6084,2020-07-19 13:01:58,168,186
8,TRUE,5044,2020-07-13 14:48:50,315,187
2,TRUE,704,2020-06-04 07:18:42,139,187
2,TRUE,2807,2020-11-18 01:21:47,420,188
2,TRUE,4775,2020-03-25 07:18:41,38,188
1,TRUE,492,2020-02-17 12:19:40,72,189
2,TRUE,5510,2020-07-17 00:56:13,205,189
8,TRUE,6530,2020-08-20 18:00:33,6,189
7,TRUE,7592,2020-07-09 22:11:25,411,190
4,TRUE,635,2020-04-19 22:55:15,244,190
2,TRUE,7073,2020-03-05 02:50:14,251,190
3,TRUE,696,2020-08-16 02:03:52,424,190
5,TRUE,9393,2020-08-23 16:43:22,16,191
5,TRUE,2110,2020-08-03 11:50:35,350,191
5,TRUE,2061,2020-08-22 13:14:35,354,192
10,TRUE,5573,2020-03-31 04:36:49,210,192
6,TRUE,5672,2020-07-08 04:16:32,383,192
10,TRUE,2250,2020-09-22 08:57:06,432,193
8,TRUE,7602,2020-12-05 17:09:16,69,193
9,TRUE,6389,2020-10-15 22:05:57,102,193
1,TRUE,847,2020-06-12 15:40:04,37,193
7,TRUE,6801,2020-06-03 08:14:50,411,194
4,TRUE,8293,2020-05-28 03:58:38,84,194
1,TRUE,1825,2020-05-22 01:38:17,50,194
5,TRUE,8577,2020-02-14 10:00:34,253,195
3,TRUE,8906,2020-06-04 13:19:40,17,195
1,TRUE,7363,2020-11-09 05:14:41,202,195
8,TRUE,330,2021-01-11 00:24:00,171,196
1,TRUE,7775,2020-02-17 06:04:37,319,196
3,TRUE,8798,2020-01-18 12:02:38,44,196
10,TRUE,5960,2020-06-05 16:39:55,323,197
7,TRUE,4662,2020-11-05 05:34:45,407,197
6,TRUE,6161,2021-01-08 04:16:54,79,197
8,TRUE,6770,2020-09-19 01:55:42,294,197
4,TRUE,4348,2020-12-08 04:31:33,277,198
9,TRUE,9866,2020-01-22 11:12:24,447,198
10,TRUE,203,2020-11-16 00:59:24,292,198
9,TRUE,9758,2020-03-30 05:11:29,180,199
10,TRUE,4892,2020-12-07 13:58:07,32,199
1,TRUE,2464,2020-09-04 03:26:34,347,200
8,TRUE,7386,2020-10-04 22:15:05,156,200
8,TRUE,6819,2020-06-10 01:55:07,128,200
6,TRUE,6929,2020-03-11 19:07:43,63,201
2,TRUE,8447,2020-10-30 20:45:27,120,201
2,TRUE,6222,2020-05-09 20:49:38,169,202
2,TRUE,1902,2020-02-08 02:14:33,372,202
2,TRUE,2085,2020-02-28 15:24:45,228,202
4,TRUE,2272,2020-05-19 22:37:40,87,202
4,TRUE,3010,2020-05-29 04:25:47,322,202
2,TRUE,2181,2020-08-08 18:22:05,245,202
3,TRUE,7190,2020-04-30 11:30:45,204,203
2,TRUE,1299,2020-03-13 15:58:54,93,203
2,TRUE,1643,2020-11-03 16:21:15,432,203
4,TRUE,6452,2020-11-03 11:09:17,176,203
4,TRUE,6428,2020-02-29 12:37:56,82,204
2,TRUE,7053,2020-07-11 02:53:09,9,204
10,TRUE,8706,2020-12-01 03:45:50,62,204
5,TRUE,1093,2020-08-11 23:53:26,25,204
10,TRUE,4985,2020-04-29 20:02:34,349,205
8,TRUE,1030,2020-05-22 22:34:51,321,206
10,TRUE,7427,2020-09-20 10:47:21,262,206
8,TRUE,7863,2021-01-07 21:37:30,320,206
3,TRUE,6920,2020-06-11 01:08:10,333,207
2,TRUE,2248,2020-11-27 09:22:06,16,207
6,TRUE,5345,2020-07-12 23:05:00,103,208
4,TRUE,6911,2020-09-10 04:11:29,80,208
8,TRUE,9082,2020-07-07 14:02:33,175,208
7,TRUE,2761,2020-09-02 12:20:55,73,208
9,TRUE,7050,2020-07-19 17:35:49,304,209
4,TRUE,1975,2020-11-17 22:53:51,428,210
7,TRUE,8904,2020-03-02 23:12:07,138,210
7,TRUE,6156,2020-09-03 21:31:20,348,211
9,TRUE,9192,2020-07-12 11:12:19,142,211
3,TRUE,8900,2020-11-29 10:08:42,163,211
10,TRUE,363,2020-06-01 21:48:42,98,212
10,TRUE,1782,2020-03-16 19:10:49,253,212
2,TRUE,7008,2020-05-11 21:58:00,389,212
3,TRUE,8587,2020-06-14 00:44:06,338,212
7,TRUE,3391,2020-03-13 22:43:28,303,213
9,TRUE,3512,2020-01-19 21:46:16,404,214
5,TRUE,9835,2020-05-10 23:39:52,404,215
9,TRUE,6735,2020-04-18 15:28:52,329,215
7,TRUE,7487,2020-10-10 13:12:41,126,216
6,TRUE,5138,2020-01-23 14:12:07,163,217
9,TRUE,9954,2020-01-27 15:50:13,127,217
2,TRUE,4635,2020-07-07 21:19:21,284,218
7,TRUE,6381,2020-12-21 02:06:57,232,218
7,TRUE,2968,2020-12-05 04:35:14,111,218
2,TRUE,931,2020-04-18 04:11:00,360,218
6,TRUE,7821,2020-02-09 20:26:31,294,218
6,TRUE,4398,2020-04-26 07:28:04,90,218
9,TRUE,7488,2020-08-19 20:19:07,207,218
7,TRUE,7477,2020-12-21 18:59:44,67,219
9,TRUE,365,2020-02-22 08:20:21,421,219
5,TRUE,4361,2020-12-31 09:37:32,47,220
3,TRUE,8122,2020-07-14 11:40:09,298,220
10,TRUE,3649,2020-02-05 20:31:16,363,220
1,TRUE,1749,2020-04-19 16:11:40,100,220
8,TRUE,3012,2020-07-11 19:29:15,4,220
7,TRUE,9152,2020-09-29 21:34:55,64,220
5,TRUE,9997,2020-05-21 10:00:23,344,222
7,TRUE,9812,2020-06-25 20:49:24,132,223
7,TRUE,8000,2021-01-03 09:32:29,166,223
4,TRUE,958,2021-01-09 14:03:09,205,223
10,TRUE,1729,2020-09-16 13:10:16,264,224
8,TRUE,7815,2020-07-06 23:19:44,290,224
10,TRUE,9469,2020-02-04 17:23:13,295,224
3,TRUE,6844,2020-03-25 13:58:28,210,224
3,TRUE,2330,2020-08-11 20:34:19,3,224
9,TRUE,1275,2020-07-14 00:00:41,369,225
1,TRUE,7463,2020-02-18 19:51:18,32,226
1,TRUE,4051,2020-04-20 06:56:57,303,227
3,TRUE,897,2020-10-28 12:30:27,35,227
2,TRUE,8292,2021-01-08 01:17:06,359,227
1,TRUE,5917,2020-02-06 16:03:01,130,227
6,TRUE,2475,2020-09-27 18:02:13,114,228
4,TRUE,4638,2021-01-11 10:38:23,361,229
5,TRUE,1228,2020-06-07 20:20:59,263,229
4,TRUE,2946,2020-11-15 22:40:06,176,229
1,TRUE,9856,2020-12-15 20:46:35,366,230
9,TRUE,1585,2020-07-17 02:19:37,264,230
1,TRUE,9442,2020-12-29 02:09:14,88,230
7,TRUE,5677,2020-10-08 15:03:45,159,231
10,TRUE,2647,2020-11-09 07:48:25,428,231
6,TRUE,8159,2020-11-15 17:14:35,153,231
3,TRUE,2102,2020-09-25 07:12:06,308,231
9,TRUE,2613,2020-07-16 20:07:23,123,232
4,TRUE,418,2020-03-20 18:36:26,237,232
1,TRUE,8107,2020-07-06 09:52:28,451,232
6,TRUE,8309,2020-07-09 22:36:54,407,233
4,TRUE,5630,2020-08-16 10:34:28,266,233
4,TRUE,4007,2020-12-14 01:56:25,418,233
3,TRUE,8315,2020-04-23 19:07:50,107,233
4,TRUE,2163,2020-12-04 01:08:59,158,234
10,TRUE,6080,2020-11-29 18:12:15,241,234
10,TRUE,365,2020-11-10 01:41:31,34,234
7,TRUE,1847,2020-07-15 18:25:32,306,234
8,TRUE,3204,2021-01-01 18:32:03,418,234
2,TRUE,5676,2020-11-08 07:10:23,294,234
1,TRUE,8621,2020-07-03 23:40:58,222,235
5,TRUE,9099,2020-12-18 20:28:13,305,235
3,TRUE,6456,2020-03-16 16:00:22,133,235
3,TRUE,5434,2020-03-20 16:21:37,122,235
7,TRUE,4535,2020-12-28 23:48:00,232,235
1,TRUE,7113,2020-04-10 18:45:20,194,236
5,TRUE,7752,2020-08-25 19:40:20,28,236
5,TRUE,475,2020-06-14 18:15:47,31,236
10,TRUE,6154,2020-11-08 22:37:00,341,236
2,TRUE,1565,2020-07-24 04:23:04,392,237
8,TRUE,1063,2020-05-27 18:39:40,235,237
7,TRUE,5929,2020-08-15 04:48:37,262,238
10,TRUE,8084,2020-07-11 16:55:13,187,238
1,TRUE,3447,2020-02-02 08:54:55,78,239
7,TRUE,1715,2020-04-16 12:54:39,88,239
8,TRUE,8588,2020-12-15 15:38:35,15,239
8,TRUE,7959,2020-12-08 22:23:36,195,239
3,TRUE,4464,2020-08-28 01:48:09,360,239
9,TRUE,6483,2020-12-12 12:02:32,42,240
1,TRUE,4587,2020-10-31 01:28:26,246,240
4,TRUE,6701,2020-08-18 06:53:37,367,240
8,TRUE,2664,2020-12-06 12:40:40,349,240
4,TRUE,3261,2020-04-29 06:59:16,387,241
10,TRUE,1730,2020-09-06 05:22:40,43,242
3,TRUE,8571,2020-01-21 21:29:25,429,242
6,TRUE,7076,2020-10-22 15:50:09,67,242
5,TRUE,2503,2020-01-22 16:24:05,208,243
9,TRUE,5583,2020-01-27 00:16:41,238,244
3,TRUE,7533,2020-12-27 00:57:59,426,244
6,TRUE,871,2020-04-15 04:26:06,277,244
7,TRUE,9145,2020-12-21 08:41:13,95,244
10,TRUE,3109,2020-07-10 03:27:29,170,245
5,TRUE,2611,2020-07-01 00:28:50,439,245
5,TRUE,248,2020-06-12 09:48:07,200,245
1,TRUE,2841,2020-10-06 18:06:41,362,246
6,TRUE,9966,2020-09-07 08:44:15,117,246
3,TRUE,5169,2020-03-19 18:03:41,32,246
5,TRUE,4474,2020-04-24 09:16:30,435,246
7,TRUE,4242,2020-03-29 22:12:28,277,247
7,TRUE,4102,2020-07-17 22:32:03,214,247
4,TRUE,4002,2020-09-10 02:28:52,85,247
2,TRUE,8723,2020-08-30 19:59:44,415,247
4,TRUE,7268,2020-02-03 15:55:11,229,248
2,TRUE,6937,2020-08-14 04:40:53,275,248
10,TRUE,9887,2020-06-29 08:45:53,343,248
7,TRUE,8023,2020-06-10 08:14:19,407,248
8,TRUE,1512,2020-10-21 01:01:22,374,248
4,TRUE,9352,2020-11-09 04:58:57,141,249
3,TRUE,3518,2020-11-14 16:03:29,88,250
7,TRUE,1071,2020-10-22 12:08:34,286,250
6,TRUE,5085,2020-02-28 19:36:34,399,251
9,TRUE,2992,2020-11-18 08:50:11,224,251
3,TRUE,1893,2020-03-25 02:10:00,361,251
9,TRUE,9714,2020-05-03 05:53:32,139,251
3,TRUE,5607,2020-08-08 10:55:35,56,251
1,TRUE,9932,2020-03-26 06:18:14,400,252
7,TRUE,3080,2020-09-25 04:53:56,229,252
10,TRUE,1972,2020-06-23 07:39:11,109,252
9,TRUE,1256,2020-07-10 22:13:25,362,252
6,TRUE,1918,2020-04-05 07:44:20,187,253
3,TRUE,7051,2020-03-01 01:21:35,338,253
8,TRUE,935,2020-05-11 14:49:13,434,253
2,TRUE,8733,2020-07-16 14:33:17,410,253
2,TRUE,3503,2020-12-03 03:53:32,406,253
10,TRUE,5891,2020-09-25 20:17:03,428,253
3,TRUE,4238,2021-01-01 07:32:15,73,255
4,TRUE,1142,2020-07-19 12:14:26,321,256
6,TRUE,4579,2020-09-18 01:56:53,371,256
8,TRUE,4622,2021-01-01 22:23:17,358,257
7,TRUE,4105,2020-07-24 05:05:16,311,257
5,TRUE,1401,2020-05-18 05:07:24,136,257
9,TRUE,1856,2020-11-22 12:10:29,259,257
10,TRUE,7870,2020-02-05 03:11:56,435,258
8,TRUE,2584,2020-10-18 10:33:29,363,258
5,TRUE,3439,2020-04-02 23:44:12,415,258
5,TRUE,2929,2020-04-01 15:53:27,164,258
2,TRUE,9806,2020-09-28 18:44:11,35,259
7,TRUE,7494,2020-11-02 05:49:27,378,260
6,TRUE,9448,2020-01-17 00:09:39,444,260
5,TRUE,1966,2020-11-27 18:44:13,151,260
10,TRUE,6598,2020-02-26 12:34:25,89,260
4,TRUE,8546,2020-08-08 22:31:04,9,260
6,TRUE,5700,2020-09-06 21:05:03,442,260
2,TRUE,4351,2021-01-03 17:58:28,357,260
4,TRUE,8429,2020-10-07 12:07:36,70,261
5,TRUE,6025,2020-06-19 03:01:10,94,261
8,TRUE,4264,2020-12-25 07:22:22,129,261
8,TRUE,4448,2020-04-06 02:14:38,166,261
4,TRUE,2333,2020-11-18 19:41:37,342,261
10,TRUE,3668,2020-11-23 16:16:44,289,261
4,TRUE,7671,2020-07-01 08:54:42,151,262
4,TRUE,1441,2021-01-01 16:07:09,396,262
1,TRUE,7285,2020-12-08 00:17:14,116,262
4,TRUE,2626,2020-10-05 08:13:29,172,262
6,TRUE,2182,2020-12-08 17:40:26,323,263
1,TRUE,8589,2020-02-13 16:42:18,347,264
6,TRUE,4816,2020-02-23 10:26:51,222,264
10,TRUE,9803,2020-07-14 19:52:02,17,265
4,TRUE,1910,2020-05-29 20:21:13,247,265
4,TRUE,1230,2020-06-14 09:58:04,363,265
1,TRUE,240,2020-06-17 16:41:20,180,266
8,TRUE,1937,2020-07-24 15:07:21,232,266
4,TRUE,3422,2020-12-24 08:46:32,278,266
1,TRUE,5338,2020-11-27 22:50:53,450,266
4,TRUE,302,2020-07-02 07:55:35,371,267
5,TRUE,2310,2020-01-31 17:57:51,11,267
3,TRUE,6399,2020-12-21 12:15:06,149,267
1,TRUE,5548,2020-09-11 20:03:46,113,267
4,TRUE,6304,2020-06-06 19:11:06,84,267
2,TRUE,6717,2020-02-17 19:22:19,232,267
5,TRUE,5108,2020-01-25 17:06:25,193,268
2,TRUE,6860,2020-06-26 15:23:01,201,268
2,TRUE,4873,2020-11-11 16:30:50,406,268
1,TRUE,2907,2020-10-05 08:34:52,245,268
3,TRUE,7937,2020-08-28 12:43:51,86,269
10,TRUE,9589,2020-10-22 21:24:31,175,270
10,TRUE,7914,2021-01-04 10:10:38,51,270
4,TRUE,593,2020-03-22 04:01:42,323,270
10,TRUE,5122,2020-06-02 06:11:21,330,270
7,TRUE,7549,2020-05-12 01:22:48,251,270
10,TRUE,3027,2020-04-03 04:46:51,245,270
5,TRUE,7900,2020-11-05 11:01:58,218,270
2,TRUE,7582,2020-08-12 23:29:55,17,271
8,TRUE,1379,2020-11-29 22:22:02,441,271
8,TRUE,6405,2020-08-02 18:46:15,404,271
5,TRUE,9403,2020-09-25 00:43:16,133,272
6,TRUE,9215,2020-06-16 17:08:03,284,273
8,TRUE,4315,2020-01-16 15:36:28,79,273
8,TRUE,6993,2020-03-04 13:01:12,9,274
8,TRUE,3488,2020-11-29 02:59:45,279,275
8,TRUE,234,2020-11-16 04:33:55,323,275
5,TRUE,7315,2020-07-09 06:13:22,109,275
6,TRUE,4614,2021-01-06 09:03:22,216,276
10,TRUE,2787,2020-03-16 10:22:05,160,276
1,TRUE,1454,2020-03-02 04:34:17,112,276
7,TRUE,7776,2020-02-16 02:03:41,176,276
1,TRUE,6972,2020-10-28 23:21:48,236,276
4,TRUE,1063,2020-06-04 22:48:14,109,276
5,TRUE,4900,2020-03-30 14:05:00,91,276
1,TRUE,579,2020-09-11 06:11:07,259,277
10,TRUE,4044,2020-04-11 22:02:14,35,277
5,TRUE,3430,2021-01-11 23:11:37,392,277
2,TRUE,6026,2020-12-22 08:31:53,180,278
8,TRUE,8915,2020-10-17 23:45:59,26,278
9,TRUE,3953,2020-11-18 23:15:12,255,279
2,TRUE,5882,2020-04-18 18:26:27,64,279
2,TRUE,7921,2020-05-16 01:25:19,148,279
8,TRUE,5811,2020-06-26 00:23:33,16,279
7,TRUE,211,2020-06-21 22:36:00,195,279
3,TRUE,5619,2020-04-29 18:30:27,73,279
8,TRUE,3174,2020-12-11 00:10:19,63,279
1,TRUE,945,2020-01-30 19:40:46,383,280
8,TRUE,6079,2020-04-04 07:35:24,179,280
4,TRUE,4172,2020-03-22 11:39:00,330,280
5,TRUE,446,2020-07-05 03:45:19,167,280
5,TRUE,5450,2020-05-02 13:11:22,4,280
6,TRUE,5462,2020-05-24 18:26:31,290,280
5,TRUE,6339,2020-03-23 07:30:34,140,280
8,TRUE,4169,2020-07-08 19:09:20,218,281
4,TRUE,1925,2020-05-26 19:39:15,22,282
7,TRUE,1989,2020-07-11 09:57:20,33,282
8,TRUE,6711,2020-10-02 12:39:48,376,282
5,TRUE,8661,2020-05-03 18:27:26,112,282
3,TRUE,4625,2020-09-24 17:47:24,94,283
6,TRUE,5015,2020-11-16 03:13:42,357,284
10,TRUE,212,2020-04-14 03:03:28,312,284
8,TRUE,2801,2020-10-07 06:59:12,274,284
2,TRUE,5087,2020-09-02 17:57:07,419,285
6,TRUE,4211,2020-10-18 13:00:25,147,285
8,TRUE,2571,2020-02-11 06:55:07,356,285
10,TRUE,3754,2020-06-02 16:50:20,288,285
1,TRUE,6032,2020-08-18 14:01:12,59,285
7,TRUE,5580,2020-02-07 18:35:37,126,286
3,TRUE,9768,2020-03-13 19:14:51,155,286
4,TRUE,9388,2020-12-28 22:50:21,198,286
5,TRUE,4071,2020-09-15 14:12:53,152,287
9,TRUE,6897,2020-11-17 08:26:34,46,287
2,TRUE,6656,2020-08-04 02:56:35,290,287
7,TRUE,2660,2020-08-02 23:42:30,137,287
3,TRUE,8325,2020-09-22 03:45:03,96,287
2,TRUE,9750,2020-08-01 15:31:44,23,288
1,TRUE,4430,2020-03-18 06:04:53,5,288
5,TRUE,6764,2020-12-08 05:21:25,307,289
7,TRUE,8039,2020-09-23 17:35:33,1,289
1,TRUE,897,2020-05-28 00:09:16,418,289
2,TRUE,3249,2020-06-06 13:09:54,239,289
4,TRUE,9567,2020-09-21 12:01:22,278,290
1,TRUE,4274,2020-08-29 06:46:16,8,290
1,TRUE,6102,2020-10-22 17:47:19,47,291
8,TRUE,3975,2020-02-12 11:33:53,342,291
6,TRUE,7907,2020-04-01 22:28:01,204,291
7,TRUE,2118,2020-09-21 19:34:18,416,292
5,TRUE,5589,2020-12-04 02:25:49,291,292
7,TRUE,3121,2020-02-11 10:43:31,440,292
1,TRUE,8212,2020-12-11 07:33:16,428,292
4,TRUE,3740,2020-09-08 01:02:52,379,293
8,TRUE,8001,2020-06-01 23:28:32,364,293
4,TRUE,4912,2020-04-10 06:14:06,1,294
9,TRUE,3748,2020-07-01 07:45:34,443,294
3,TRUE,845,2020-10-24 15:18:31,353,294
1,TRUE,5024,2020-12-06 00:10:10,406,294
4,TRUE,2984,2020-12-25 04:19:30,262,295
6,TRUE,3762,2020-07-24 23:31:08,89,295
6,TRUE,4359,2020-03-14 02:57:23,387,295
7,TRUE,1982,2020-03-18 03:58:04,43,295
5,TRUE,5072,2021-01-07 03:26:48,213,296
2,TRUE,5851,2020-04-26 06:05:06,72,296
9,TRUE,9357,2020-04-16 15:17:51,28,297
2,TRUE,6494,2020-10-23 23:59:19,150,297
4,TRUE,6987,2020-03-12 15:58:10,54,297
2,TRUE,6619,2020-01-23 16:41:33,41,297
7,TRUE,3166,2020-02-12 01:31:59,267,297
10,TRUE,4995,2020-12-25 15:51:43,37,298
6,TRUE,6740,2020-11-29 16:36:16,424,298
10,TRUE,2090,2020-11-10 21:05:54,299,299
2,TRUE,4571,2020-04-14 02:25:43,440,299
9,TRUE,1403,2020-11-20 20:18:58,90,299
2,TRUE,9930,2020-07-31 18:12:36,217,300
3,TRUE,6703,2020-10-28 00:37:54,414,300
8,TRUE,2846,2020-08-25 05:56:10,230,300
9,TRUE,8400,2020-03-13 10:36:40,392,300
2,TRUE,7225,2020-03-28 07:37:43,114,300
2,TRUE,3194,2020-09-19 13:39:39,261,301
6,TRUE,9600,2020-04-06 11:22:46,8,301
2,TRUE,7144,2020-09-06 23:28:05,79,301
8,TRUE,5710,2020-11-25 02:49:53,117,301
6,TRUE,7493,2020-12-06 04:55:11,439,301
10,TRUE,6107,2020-04-11 03:16:29,246,301
2,TRUE,3181,2020-02-21 03:13:08,440,301
6,TRUE,5187,2020-08-15 02:58:23,317,301
5,TRUE,2874,2020-07-27 19:45:12,176,302
5,TRUE,3672,2020-02-13 20:20:08,257,302
1,TRUE,1257,2020-08-13 13:15:01,54,303
6,TRUE,567,2020-12-27 11:06:31,12,303
7,TRUE,4065,2021-01-05 21:19:44,403,304
9,TRUE,9654,2020-04-18 19:13:49,80,305
2,TRUE,8352,2020-10-14 00:28:50,6,305
8,TRUE,8828,2020-03-01 04:31:01,323,306
1,TRUE,1734,2020-06-19 07:42:04,303,307
7,TRUE,8973,2020-08-28 03:40:23,417,307
6,TRUE,2604,2020-06-11 04:56:17,25,307
7,TRUE,1261,2020-11-18 00:55:11,243,307
7,TRUE,8576,2020-08-18 20:08:50,39,308
9,TRUE,4233,2021-01-07 08:32:07,406,308
10,TRUE,6598,2020-12-18 00:30:23,335,308
9,TRUE,4683,2020-03-24 11:38:21,373,309
9,TRUE,5338,2020-09-15 02:59:09,54,309
10,TRUE,3773,2020-09-01 20:47:10,363,309
1,TRUE,9086,2020-04-20 00:37:41,98,309
5,TRUE,612,2020-07-01 23:35:28,102,309
4,TRUE,4518,2020-01-20 16:02:12,281,309
7,TRUE,2238,2020-06-15 14:47:12,197,309
3,TRUE,2367,2020-05-18 05:06:07,36,310
4,TRUE,7059,2020-06-19 16:04:19,141,310
4,TRUE,7071,2020-05-03 22:50:29,422,310
4,TRUE,4828,2020-12-28 01:34:14,406,311
7,TRUE,7281,2020-09-08 06:39:06,158,311
5,TRUE,4302,2020-03-21 06:07:00,349,311
9,TRUE,9040,2021-01-09 17:37:42,431,312
4,TRUE,4153,2020-09-16 04:25:13,280,312
5,TRUE,5988,2020-06-19 15:13:38,152,312
5,TRUE,9945,2020-09-18 07:48:40,268,312
2,TRUE,9145,2020-02-24 23:24:44,404,312
6,TRUE,4548,2020-07-14 21:29:28,106,313
7,TRUE,442,2020-04-13 04:01:53,100,313
3,TRUE,5548,2020-04-09 01:12:48,234,313
9,TRUE,3623,2020-10-20 09:19:08,312,313
1,TRUE,5994,2020-03-29 04:56:08,324,314
1,TRUE,6077,2020-01-22 08:48:30,33,314
1,TRUE,6438,2020-11-10 12:12:38,37,314
4,TRUE,8767,2020-05-22 22:21:12,161,314
3,TRUE,5708,2020-07-13 12:44:10,167,315
7,TRUE,4602,2020-09-28 12:43:26,47,315
2,TRUE,5432,2020-10-23 22:08:45,250,315
7,TRUE,7558,2020-10-14 13:50:01,300,315
10,TRUE,5485,2020-06-02 03:31:18,365,315
3,TRUE,7116,2020-12-02 06:33:58,82,316
10,TRUE,8899,2020-02-08 18:15:36,142,316
1,TRUE,9099,2021-01-09 13:42:10,358,316
6,TRUE,1278,2020-11-25 06:30:02,161,317
5,TRUE,8917,2020-04-08 22:40:05,126,317
9,TRUE,4647,2020-08-08 00:48:40,148,319
9,TRUE,1867,2020-07-25 14:53:06,186,319
5,TRUE,8139,2020-11-16 23:38:48,381,319
1,TRUE,9965,2020-09-05 04:15:07,45,320
1,TRUE,8930,2020-09-26 01:35:46,118,320
8,TRUE,4291,2020-06-26 15:16:51,443,320
5,TRUE,6737,2020-09-07 21:19:04,7,320
8,TRUE,2088,2020-06-18 22:59:33,86,320
6,TRUE,6772,2020-10-31 09:37:36,347,321
10,TRUE,3675,2020-11-21 19:18:47,233,321
9,TRUE,6014,2020-10-15 05:52:17,214,321
4,TRUE,4314,2020-08-25 10:19:02,217,321
4,TRUE,662,2020-02-15 20:28:17,306,322
2,TRUE,8903,2020-04-08 07:26:53,378,322
4,TRUE,719,2020-11-29 00:23:05,296,322
5,TRUE,7689,2020-05-29 10:28:48,32,322
3,TRUE,1595,2020-12-06 18:27:48,211,322
6,TRUE,3436,2020-05-09 16:11:22,102,323
4,TRUE,3008,2020-11-03 06:43:10,347,324
1,TRUE,3778,2020-04-27 07:32:10,416,325
3,TRUE,4251,2020-03-11 04:46:41,94,325
5,TRUE,9602,2020-10-04 10:28:51,183,326
9,TRUE,3017,2021-01-07 10:52:02,111,326
1,TRUE,2878,2020-11-19 08:57:54,213,326
6,TRUE,2213,2020-03-19 03:52:56,307,326
6,TRUE,8131,2020-01-27 07:12:42,425,326
4,TRUE,7194,2020-06-16 22:15:20,436,327
3,TRUE,8008,2020-01-20 15:24:59,72,327
8,TRUE,8876,2020-12-28 17:51:02,67,328
9,TRUE,9619,2020-02-13 00:55:54,18,329
7,TRUE,5148,2020-06-03 04:35:08,54,329
9,TRUE,4097,2020-10-25 18:40:19,376,329
4,TRUE,4848,2020-10-26 06:10:47,424,330
7,TRUE,4724,2020-05-12 06:21:53,254,330
7,TRUE,8202,2020-09-02 23:41:56,247,331
1,TRUE,9408,2020-09-23 04:28:16,244,331
10,TRUE,5827,2020-11-13 07:57:59,393,331
10,TRUE,635,2020-06-10 00:01:56,274,331
6,TRUE,1749,2020-03-01 03:24:15,232,331
7,TRUE,8330,2020-07-28 02:51:35,184,332
8,TRUE,1345,2020-06-04 10:24:12,408,332
7,TRUE,4859,2020-08-26 13:54:33,220,332
10,TRUE,3743,2020-06-23 05:58:46,123,333
2,TRUE,6102,2020-08-13 13:57:54,329,333
6,TRUE,7884,2021-01-04 16:53:32,12,334
10,TRUE,1488,2020-12-26 05:49:34,71,334
7,TRUE,6935,2020-11-13 19:04:21,237,334
4,TRUE,9397,2020-08-27 01:15:10,378,335
2,TRUE,2867,2020-01-24 10:08:16,229,335
5,TRUE,6607,2020-03-07 12:12:01,373,335
7,TRUE,8861,2020-04-22 02:25:37,433,336
10,TRUE,8766,2021-01-02 11:01:13,51,336
7,TRUE,2351,2020-12-10 01:44:40,195,337
5,TRUE,6389,2020-07-31 08:02:21,127,337
10,TRUE,9997,2020-12-28 14:57:05,76,337
2,TRUE,8163,2020-07-13 14:15:38,152,338
7,TRUE,3906,2020-09-24 17:42:26,77,338
5,TRUE,3431,2020-07-11 22:14:28,24,338
4,TRUE,9045,2020-01-16 04:31:16,326,338
6,TRUE,8843,2020-12-11 21:49:25,310,339
2,TRUE,9556,2020-08-06 15:36:27,200,339
8,TRUE,575,2020-08-25 18:50:28,180,339
10,TRUE,4916,2020-06-17 19:53:09,181,340
8,TRUE,4146,2020-05-29 09:35:15,431,341
10,TRUE,9690,2020-10-08 16:11:20,411,341
3,TRUE,9728,2020-02-14 16:58:31,238,342
6,TRUE,7974,2020-07-27 14:35:49,107,342
3,TRUE,5689,2020-04-19 13:53:17,371,342
3,TRUE,5267,2020-07-12 03:38:19,179,343
2,TRUE,1377,2020-12-27 23:46:06,394,343
6,TRUE,2346,2020-12-13 14:11:19,63,344
2,TRUE,4475,2020-03-19 22:40:20,403,346
4,TRUE,9372,2020-09-27 20:21:09,309,346
2,TRUE,3580,2020-11-23 00:26:04,421,347
7,TRUE,8887,2020-04-17 18:52:56,199,347
7,TRUE,4260,2020-09-23 10:53:20,188,348
2,TRUE,2901,2020-11-29 11:41:22,117,348
2,TRUE,2006,2020-12-10 19:52:18,28,349
7,TRUE,9815,2020-05-22 11:35:10,412,349
6,TRUE,1257,2020-04-03 01:50:02,266,349
6,TRUE,7051,2020-08-16 16:42:17,419,350
3,TRUE,3886,2020-10-13 23:05:08,71,350
2,TRUE,4832,2020-04-22 03:43:48,410,351
4,TRUE,6926,2020-03-16 02:37:11,378,351
5,TRUE,4116,2020-07-14 10:38:10,116,351
8,TRUE,3372,2020-04-28 21:21:57,109,352
6,TRUE,6615,2020-09-18 11:39:40,36,352
2,TRUE,9609,2020-08-03 14:38:14,273,352
1,TRUE,1232,2020-08-02 20:06:24,145,352
3,TRUE,8898,2020-04-01 18:10:18,285,352
2,TRUE,2368,2020-01-25 10:55:46,102,353
5,TRUE,6040,2020-11-13 11:31:06,385,353
7,TRUE,1700,2020-05-22 16:12:07,128,353
6,TRUE,5849,2020-11-16 04:52:04,268,353
5,TRUE,403,2020-11-23 14:07:14,129,354
6,TRUE,1695,2020-11-26 23:01:05,240,354
6,TRUE,4871,2020-06-06 21:07:17,155,355
4,TRUE,6239,2020-10-21 07:23:23,143,355
2,TRUE,5285,2020-11-13 00:57:47,418,355
3,TRUE,5594,2020-03-28 17:36:46,381,356
4,TRUE,9843,2020-11-07 14:15:15,389,357
10,TRUE,3380,2020-12-15 06:02:16,217,357
8,TRUE,8291,2020-06-13 02:16:44,109,358
6,TRUE,7382,2020-03-07 13:05:36,103,359
10,TRUE,8849,2020-07-21 13:52:48,216,359
10,TRUE,3810,2020-10-29 16:16:59,226,359
1,TRUE,3165,2020-10-08 17:37:39,258,360
7,TRUE,8012,2020-01-29 06:01:29,15,360
3,TRUE,2689,2020-07-13 11:35:30,446,361
10,TRUE,229,2020-05-20 03:22:05,151,361
10,TRUE,9723,2020-04-15 23:37:22,318,362
1,TRUE,4371,2020-08-29 04:07:18,214,362
1,TRUE,6305,2020-07-08 12:08:09,230,362
5,TRUE,5974,2020-09-10 22:02:39,123,362
9,TRUE,9174,2020-08-12 21:07:05,416,363
3,TRUE,7296,2020-02-09 13:24:17,373,364
3,TRUE,9514,2020-05-09 09:54:34,271,364
3,TRUE,2316,2020-12-06 12:17:46,141,365
5,TRUE,7738,2020-07-05 12:49:19,428,365
3,TRUE,4174,2020-08-15 16:44:05,159,365
1,TRUE,1558,2021-01-10 03:46:19,90,365
8,TRUE,2755,2021-01-04 05:52:03,80,365
4,TRUE,6297,2020-07-07 16:41:08,271,365
5,TRUE,9386,2020-06-02 03:06:46,376,366
8,TRUE,7595,2020-03-23 12:21:16,103,366
4,TRUE,9421,2020-07-24 16:19:17,222,366
8,TRUE,4803,2020-12-17 08:34:04,331,367
5,TRUE,4968,2020-07-18 19:37:18,341,367
1,TRUE,3604,2020-05-13 04:33:21,294,367
8,TRUE,7813,2020-05-26 06:46:21,363,367
2,TRUE,5558,2020-01-26 00:36:59,430,367
5,TRUE,5650,2020-07-15 13:30:00,239,368
6,TRUE,6031,2020-11-19 06:19:56,438,368
10,TRUE,5021,2020-10-19 06:30:14,351,368
1,TRUE,671,2020-02-03 15:45:48,114,368
7,TRUE,9712,2020-09-09 22:17:16,313,368
7,TRUE,3279,2020-05-17 20:24:32,217,368
9,TRUE,1733,2020-11-27 10:41:07,294,369
7,TRUE,6551,2020-04-22 20:31:27,181,369
8,TRUE,2392,2020-12-26 15:27:32,396,370
8,TRUE,1747,2020-12-16 08:28:53,102,370
7,TRUE,2228,2020-06-19 12:17:49,199,370
5,TRUE,4298,2020-04-02 16:23:50,76,371
3,TRUE,6748,2020-10-16 14:05:41,315,371
2,TRUE,859,2020-07-02 07:52:47,164,372
4,TRUE,2595,2020-07-16 16:44:14,176,373
6,TRUE,1000,2020-06-07 09:58:21,160,373
2,TRUE,1032,2020-10-18 04:29:45,317,374
4,TRUE,4869,2020-11-28 14:52:44,5,375
3,TRUE,8305,2020-05-26 21:04:08,229,375
5,TRUE,4794,2020-07-05 22:05:29,143,375
3,TRUE,5547,2020-04-16 05:26:29,436,376
10,TRUE,2443,2020-08-20 15:53:52,73,376
9,TRUE,3030,2020-07-07 13:47:06,368,377
5,TRUE,8444,2020-05-21 18:30:42,170,378
5,TRUE,4540,2020-08-03 18:28:25,295,378
5,TRUE,5304,2020-07-31 00:55:53,285,379
8,TRUE,6064,2020-12-25 21:48:16,260,379
9,TRUE,3862,2021-01-11 00:55:42,385,380
2,TRUE,4454,2020-07-30 09:09:23,160,380
10,TRUE,2433,2020-12-17 06:52:18,82,380
7,TRUE,7583,2020-07-04 18:44:54,137,381
8,TRUE,4538,2020-12-13 02:32:56,382,381
6,TRUE,4433,2020-10-17 19:55:29,128,382
5,TRUE,9864,2020-08-23 18:49:55,38,382
10,TRUE,6053,2020-04-22 23:26:45,362,382
6,TRUE,5123,2020-03-17 02:05:05,197,382
5,TRUE,7422,2020-02-16 17:58:30,80,384
9,TRUE,5674,2020-04-14 02:10:35,228,384
8,TRUE,5329,2020-02-22 10:55:15,42,384
10,TRUE,6276,2020-02-19 04:27:56,233,385
6,TRUE,3857,2020-09-07 16:59:41,94,385
5,TRUE,6254,2020-07-07 22:39:58,312,385
10,TRUE,4664,2020-01-31 18:04:55,27,385
7,TRUE,5341,2020-02-18 09:28:13,256,386
6,TRUE,894,2020-04-06 12:33:29,228,387
10,TRUE,6113,2020-11-12 21:52:14,218,387
5,TRUE,8330,2020-06-07 16:05:46,427,388
8,TRUE,6093,2020-07-04 03:16:02,283,389
7,TRUE,2481,2020-10-09 11:46:12,310,389
2,TRUE,1471,2020-10-17 19:18:57,172,390
6,TRUE,1155,2020-06-04 07:23:35,382,390
4,TRUE,3666,2021-01-13 05:47:22,2,390
7,TRUE,4175,2020-09-04 00:29:57,164,390
6,TRUE,6862,2020-08-26 07:25:37,330,391
6,TRUE,4906,2020-03-21 07:46:41,62,391
8,TRUE,7122,2020-02-24 05:37:30,227,391
6,TRUE,8181,2020-06-12 04:17:34,348,391
6,TRUE,2115,2020-11-01 16:59:36,194,391
8,TRUE,1921,2020-04-19 01:42:25,311,391
5,TRUE,3739,2020-10-26 21:56:10,256,391
4,TRUE,3948,2020-12-19 21:38:44,216,391
8,TRUE,639,2020-07-05 16:31:22,106,392
2,TRUE,1087,2020-10-29 14:55:35,272,392
10,TRUE,6082,2020-03-10 21:29:10,322,393
10,TRUE,8510,2020-04-19 22:48:55,76,393
6,TRUE,697,2020-07-09 09:00:37,373,393
2,TRUE,2903,2020-05-02 02:42:28,440,393
6,TRUE,8322,2020-11-18 21:46:31,171,394
9,TRUE,5941,2020-05-03 00:31:39,121,394
8,TRUE,6962,2020-03-26 15:41:48,142,395
4,TRUE,482,2020-11-20 22:27:37,385,395
2,TRUE,5990,2020-11-20 00:06:41,40,395
5,TRUE,2578,2020-05-19 05:41:30,63,395
2,TRUE,4222,2020-11-09 09:22:40,287,396
8,TRUE,2317,2020-04-17 23:49:25,148,396
8,TRUE,7788,2020-12-22 12:49:19,405,396
2,TRUE,6958,2020-06-17 17:49:34,398,396
8,TRUE,9316,2020-12-20 21:52:55,59,397
1,TRUE,3599,2021-01-03 06:13:17,325,397
4,TRUE,8056,2020-04-25 15:21:33,73,397
1,TRUE,3543,2020-09-14 04:55:12,69,398
10,TRUE,9443,2020-11-14 06:04:36,368,398
4,TRUE,7686,2020-03-14 17:06:36,18,398
6,TRUE,7010,2020-03-30 00:35:52,391,398
9,TRUE,4444,2020-08-18 20:13:00,101,399
7,TRUE,4384,2020-11-30 17:34:56,360,399
10,TRUE,5383,2020-09-21 17:12:33,236,399
5,TRUE,2785,2020-10-24 09:43:53,125,400
9,TRUE,8775,2020-05-17 06:28:43,320,400
6,TRUE,5365,2020-03-26 02:53:56,55,400
8,TRUE,3173,2020-07-14 17:17:53,366,401
4,TRUE,9221,2021-01-10 02:19:34,229,401
4,TRUE,4159,2020-11-17 08:05:54,227,401
2,TRUE,5196,2020-09-09 03:05:13,59,401
10,TRUE,1860,2020-10-19 12:31:42,207,402
5,TRUE,8181,2020-05-18 11:02:59,5,402
8,TRUE,4649,2020-11-01 19:39:48,239,402
4,TRUE,7009,2020-10-14 21:06:27,337,402
10,TRUE,8004,2020-02-26 11:12:20,326,402
10,TRUE,1209,2020-02-12 13:33:39,295,402
7,TRUE,7021,2020-06-05 18:33:59,9,403
9,TRUE,7168,2020-06-24 02:24:50,247,403
6,TRUE,2347,2020-08-11 02:50:21,399,403
1,TRUE,1307,2020-01-20 04:20:03,143,403
3,TRUE,6535,2020-07-07 10:33:27,106,403
7,TRUE,3720,2020-02-17 19:05:58,277,404
2,TRUE,6122,2020-04-09 03:51:41,156,405
7,TRUE,4017,2020-06-02 02:20:50,247,405
10,TRUE,9334,2020-04-16 21:45:15,427,405
7,TRUE,8774,2020-07-03 16:02:40,368,405
5,TRUE,9084,2020-09-04 21:05:26,119,406
2,TRUE,275,2020-07-20 03:58:05,103,406
9,TRUE,2048,2020-02-09 06:43:46,281,407
4,TRUE,1578,2020-12-31 13:26:25,209,407
6,TRUE,1301,2020-04-10 23:16:21,331,408
10,TRUE,752,2020-12-22 13:28:56,446,408
8,TRUE,7326,2020-11-08 00:14:59,60,408
8,TRUE,8350,2020-08-12 08:10:14,283,408
3,TRUE,1065,2020-12-29 17:25:13,285,409
8,TRUE,3760,2020-10-28 08:08:07,403,409
8,TRUE,3259,2020-09-18 23:12:21,361,410
5,TRUE,9105,2020-09-19 14:40:07,393,410
8,TRUE,5478,2020-02-21 08:50:34,105,411
8,TRUE,308,2020-07-04 07:31:18,443,411
7,TRUE,1443,2020-04-27 07:31:42,440,412
5,TRUE,4668,2020-05-10 19:23:23,157,413
2,TRUE,3067,2021-01-07 05:35:12,245,413
1,TRUE,7710,2020-11-21 21:14:23,242,413
6,TRUE,1318,2020-10-12 05:13:11,72,414
3,TRUE,7726,2020-06-19 18:10:11,184,414
9,TRUE,5152,2020-09-08 16:21:09,106,414
4,TRUE,8906,2020-11-27 09:52:47,118,414
6,TRUE,5642,2020-12-31 08:10:32,181,415
10,TRUE,3425,2020-07-13 06:09:48,189,415
7,TRUE,6905,2020-10-02 08:25:14,333,415
4,TRUE,4051,2020-12-31 01:14:17,80,415
9,TRUE,4810,2020-02-13 19:55:13,395,416
10,TRUE,3982,2021-01-03 05:30:49,318,416
4,TRUE,7484,2020-02-24 06:28:32,53,416
7,TRUE,7694,2020-07-24 08:41:43,76,416
8,TRUE,737,2020-08-29 17:06:00,277,416
8,TRUE,492,2020-07-23 20:09:42,267,417
8,TRUE,6550,2020-05-11 18:48:13,326,417
1,TRUE,9837,2020-11-16 15:57:28,52,417
8,TRUE,8072,2020-07-28 16:09:57,131,417
3,TRUE,9061,2020-03-01 18:18:06,296,417
6,TRUE,7223,2020-11-09 03:41:27,3,417
4,TRUE,1726,2020-01-19 23:59:51,154,417
10,TRUE,3562,2021-01-07 23:13:13,186,417
7,TRUE,4824,2020-06-14 19:12:58,223,418
6,TRUE,6602,2020-07-08 19:01:25,180,418
9,TRUE,305,2020-10-30 19:15:06,75,418
6,TRUE,5042,2020-10-26 08:57:07,126,418
2,TRUE,1956,2020-11-16 17:04:01,284,418
5,TRUE,1641,2020-02-12 23:28:01,389,419
6,TRUE,1097,2020-11-17 16:43:50,198,419
8,TRUE,5257,2020-04-27 08:02:32,156,419
7,TRUE,8221,2020-03-06 10:21:37,446,419
9,TRUE,6975,2020-04-14 19:21:56,334,419
7,TRUE,1121,2020-10-09 14:53:09,220,420
7,TRUE,7403,2020-02-17 23:37:42,375,420
6,TRUE,1224,2020-01-25 11:36:07,261,420
3,TRUE,3109,2020-09-16 10:03:24,169,420
4,TRUE,2858,2020-03-10 10:04:03,287,420
8,TRUE,1625,2020-07-15 06:10:35,112,421
6,TRUE,9960,2020-11-28 06:28:22,342,422
8,TRUE,3140,2021-01-13 03:17:19,207,422
5,TRUE,8008,2020-03-28 09:59:34,35,423
4,TRUE,5864,2020-04-05 03:22:24,321,423
8,TRUE,841,2020-01-19 12:25:31,65,423
7,TRUE,9488,2020-09-26 20:57:40,42,423
9,TRUE,8350,2020-02-04 05:20:41,211,423
6,TRUE,3229,2020-04-15 22:44:07,112,423
10,TRUE,3808,2020-09-27 12:18:42,79,424
9,TRUE,6460,2020-04-13 03:02:13,198,424
8,TRUE,2708,2020-06-07 04:03:33,443,424
4,TRUE,5743,2020-03-04 17:10:09,175,424
3,TRUE,3090,2020-10-02 17:50:35,393,425
2,TRUE,6793,2020-03-20 01:58:22,260,425
6,TRUE,9133,2020-11-01 06:39:40,273,425
10,TRUE,8446,2020-04-21 01:19:19,47,426
2,TRUE,2013,2020-08-12 00:35:27,28,426
6,TRUE,8070,2020-05-23 08:20:05,353,426
4,TRUE,2387,2020-09-08 21:15:30,144,426
9,TRUE,1283,2020-05-22 09:27:32,186,426
6,TRUE,322,2020-05-19 00:58:45,235,428
9,TRUE,2148,2020-01-27 07:29:48,311,428
10,TRUE,4908,2020-03-26 14:49:50,100,428
5,TRUE,7150,2020-12-09 18:46:54,365,428
8,TRUE,1061,2020-10-19 05:56:15,386,428
3,TRUE,7321,2020-06-17 11:35:09,235,429
2,TRUE,9662,2020-09-29 08:54:31,101,429
7,TRUE,9336,2020-02-11 09:18:31,414,429
3,TRUE,4206,2020-06-01 10:08:50,15,429
10,TRUE,2339,2020-11-02 17:27:31,448,429
8,TRUE,5644,2020-02-22 14:20:57,269,429
9,TRUE,245,2020-02-09 18:20:08,349,430
5,TRUE,1626,2020-04-11 21:51:39,11,430
4,TRUE,845,2020-03-10 05:14:22,269,430
3,TRUE,6841,2020-07-16 19:36:13,187,430
4,TRUE,3292,2020-12-13 20:37:40,176,431
4,TRUE,9679,2020-03-23 06:21:20,60,432
6,TRUE,8082,2020-11-14 03:50:38,281,432
2,TRUE,9167,2020-08-17 12:48:58,52,433
9,TRUE,7787,2020-06-24 11:06:14,247,433
8,TRUE,5817,2020-10-16 15:43:31,37,434
10,TRUE,7515,2020-11-08 21:30:09,333,435
5,TRUE,3609,2020-01-29 13:59:54,141,436
8,TRUE,3555,2020-09-12 04:13:40,414,436
9,TRUE,6259,2020-02-08 22:30:06,166,436
2,TRUE,617,2020-05-15 21:43:31,103,437
8,TRUE,9508,2020-02-10 08:56:34,355,437
7,TRUE,1245,2020-09-10 08:18:55,92,437
4,TRUE,8654,2020-10-26 17:16:01,162,437
6,TRUE,3644,2021-01-07 03:32:42,175,438
2,TRUE,5896,2020-08-30 21:55:28,139,438
6,TRUE,3566,2020-03-24 04:31:19,99,438
8,TRUE,1102,2020-02-17 09:27:04,97,438
9,TRUE,8173,2020-03-07 06:31:34,110,438
5,TRUE,7022,2020-07-09 12:53:12,102,439
10,TRUE,4553,2020-07-27 21:22:34,207,439
3,TRUE,8041,2020-02-12 20:19:55,160,439
6,TRUE,8397,2020-09-04 00:17:01,42,440
9,TRUE,7932,2020-05-27 20:03:52,38,440
1,TRUE,6547,2020-11-25 06:15:59,182,440
10,TRUE,5525,2020-05-29 10:17:31,346,440
4,TRUE,7459,2020-06-16 10:32:32,50,440
8,TRUE,5281,2020-03-31 23:11:44,61,440
4,TRUE,1699,2020-06-03 12:55:53,147,440
8,TRUE,9659,2020-09-30 13:05:13,141,441
7,TRUE,5410,2020-05-19 16:07:17,163,441
8,TRUE,7833,2020-09-18 15:20:58,11,441
3,TRUE,798,2020-11-28 07:29:54,446,442
7,TRUE,9207,2020-01-30 16:26:34,200,443
2,TRUE,9195,2020-07-30 07:53:51,188,443
1,TRUE,8950,2020-04-27 09:30:40,355,443
2,TRUE,7668,2020-03-18 17:39:45,150,443
3,TRUE,5232,2020-04-29 11:31:41,93,443
4,TRUE,2276,2020-03-04 05:13:40,190,443
10,TRUE,1679,2020-03-11 19:51:22,268,443
2,TRUE,1486,2020-05-10 20:59:10,172,444
9,TRUE,3743,2020-11-06 19:26:57,257,444
10,TRUE,3624,2020-04-23 02:07:15,304,444
5,TRUE,7570,2020-02-13 21:16:54,335,445
6,TRUE,4296,2020-01-30 04:55:00,410,445
8,TRUE,9021,2020-06-18 16:20:35,394,446
2,TRUE,6323,2020-08-14 01:05:39,411,446
10,TRUE,5056,2020-05-07 18:04:41,152,447
6,TRUE,7351,2020-01-21 08:06:33,160,447
8,TRUE,1451,2020-11-09 08:38:13,148,447
6,TRUE,4009,2020-11-02 08:48:43,261,447
6,TRUE,551,2020-03-02 23:36:58,225,447
3,TRUE,3513,2020-11-21 07:01:27,128,447
9,TRUE,8724,2020-10-11 20:56:52,365,447
3,TRUE,6688,2020-10-07 16:54:47,51,448
6,TRUE,5987,2020-03-28 00:50:54,339,448
2,TRUE,7949,2020-07-05 16:10:54,40,449
9,TRUE,9170,2020-08-21 16:13:17,347,449
2,TRUE,8781,2020-04-24 12:15:07,425,449
6,TRUE,1765,2020-05-12 15:52:54,72,449
4,TRUE,1638,2020-07-23 07:03:47,204,450
10,TRUE,6816,2020-10-30 17:13:00,39,450
1,TRUE,285,2020-12-21 19:11:45,430,450
10,TRUE,8300,2020-10-19 14:52:07,288,450
6,TRUE,4900,2020-02-28 06:10:45,424,451
2,TRUE,8072,2021-01-08 02:47:48,181,451
3,TRUE,7974,2020-07-14 02:17:58,357,451
6,TRUE,1372,2020-05-04 09:25:10,69,452
8,TRUE,4431,2020-04-21 03:29:30,262,452
8,TRUE,9998,2020-10-13 18:20:40,216,453
3,TRUE,274,2020-11-19 18:01:07,80,453
6,TRUE,6718,2021-01-12 19:59:58,117,453
6,TRUE,7997,2020-12-23 22:30:53,256,453
1,TRUE,9298,2020-03-19 08:25:24,7,453
10,TRUE,844,2020-08-02 22:05:27,393,454
8,TRUE,4306,2020-03-12 01:39:48,78,454
6,TRUE,3685,2020-11-10 03:42:28,255,454
5,TRUE,1712,2021-01-07 12:31:09,18,454
5,TRUE,7420,2020-07-22 01:04:38,354,454
5,TRUE,5045,2020-08-08 06:43:03,64,454
2,TRUE,6682,2020-11-12 13:58:21,339,455
1,TRUE,5062,2021-01-09 19:02:41,19,455
8,TRUE,5560,2020-11-04 07:57:13,428,455
7,TRUE,9905,2020-01-27 21:49:41,7,455
3,TRUE,6829,2020-10-24 15:38:02,64,455
2,TRUE,1058,2020-05-19 07:15:43,436,455
5,TRUE,3261,2020-07-21 04:52:25,230,456
2,TRUE,5355,2020-07-13 18:20:48,91,456
2,TRUE,2592,2020-03-23 05:27:04,12,456
7,TRUE,8085,2020-04-23 15:03:42,435,456
8,TRUE,8815,2020-07-26 16:13:51,161,457
7,TRUE,7982,2020-11-15 09:27:45,38,457
5,TRUE,3615,2020-02-19 13:11:15,73,457
5,TRUE,880,2020-06-21 16:35:04,184,457
10,TRUE,360,2020-10-02 06:43:31,245,457
5,TRUE,4195,2020-05-20 13:20:20,392,458
2,TRUE,6188,2020-05-16 17:15:20,394,458
8,TRUE,990,2020-06-05 23:19:52,342,459
5,TRUE,5984,2020-07-03 00:40:21,344,459
2,TRUE,860,2020-04-03 06:30:33,93,459
4,TRUE,7267,2020-11-30 02:14:57,314,460
7,TRUE,3644,2020-06-30 14:49:41,217,460
5,TRUE,1937,2020-10-28 17:05:17,231,460
1,TRUE,848,2020-11-10 14:07:24,274,460
10,TRUE,1515,2020-11-02 16:34:12,447,461
6,TRUE,3844,2020-02-01 05:56:04,420,461
4,TRUE,7042,2020-05-04 02:29:11,32,462
6,TRUE,3145,2020-02-18 06:04:25,261,462
2,TRUE,9520,2020-11-23 17:25:39,307,462
7,TRUE,1524,2020-03-18 09:23:37,77,462
2,TRUE,8261,2020-09-24 06:10:08,397,462
5,TRUE,7835,2020-09-18 02:22:16,296,463
6,TRUE,3850,2020-07-26 12:33:28,209,463
4,TRUE,4498,2020-05-09 04:37:52,287,463
9,TRUE,541,2020-10-12 01:49:17,62,464
4,TRUE,8042,2020-06-03 06:42:23,251,464
5,TRUE,9097,2020-03-23 05:13:02,93,464
9,TRUE,7891,2020-03-11 04:07:52,189,464
7,TRUE,5648,2020-05-01 11:27:10,285,465
9,TRUE,5545,2020-03-08 21:30:43,82,465
10,TRUE,2508,2020-05-20 18:45:39,46,466
8,TRUE,5469,2020-10-07 06:03:35,120,466
6,TRUE,4351,2020-06-22 01:47:20,98,466
7,TRUE,5186,2020-01-27 12:17:45,267,466
4,TRUE,4555,2020-03-26 05:03:06,265,466
2,TRUE,4039,2020-03-22 10:15:33,364,467
2,TRUE,9620,2020-04-03 18:58:28,341,467
5,TRUE,6074,2020-08-21 06:02:01,417,467
5,TRUE,8381,2020-05-31 13:16:17,20,467
9,TRUE,4228,2020-04-12 08:06:28,364,468
8,TRUE,3704,2020-11-07 21:59:43,376,468
1,TRUE,4506,2020-08-28 09:16:59,374,469
6,TRUE,1588,2020-12-09 02:19:04,183,469
10,TRUE,4757,2020-11-06 00:16:02,299,470
3,TRUE,9903,2020-12-02 19:27:34,97,470
4,TRUE,6715,2020-08-03 07:09:27,227,471
5,TRUE,813,2020-06-11 18:53:09,155,471
8,TRUE,5503,2020-12-24 16:46:32,401,471
8,TRUE,1204,2020-03-27 13:48:48,337,471
10,TRUE,1975,2020-07-13 12:57:36,281,471
4,TRUE,419,2020-07-02 12:53:40,21,472
8,TRUE,8571,2020-01-24 15:12:23,301,472
1,TRUE,3709,2020-02-05 02:50:25,380,473
1,TRUE,1376,2020-09-20 01:36:16,227,473
6,TRUE,8893,2020-07-22 16:29:45,19,473
6,TRUE,6692,2020-10-02 21:24:51,255,473
10,TRUE,4517,2020-09-22 04:13:06,9,473
8,TRUE,4258,2020-10-13 22:01:35,88,473
6,TRUE,465,2020-11-11 03:42:48,133,473
10,TRUE,9404,2020-03-21 23:56:49,329,473
8,TRUE,9715,2020-08-15 02:26:24,149,474
8,TRUE,3763,2020-01-23 08:23:47,40,474
9,TRUE,4126,2020-09-26 16:58:08,191,475
7,TRUE,8361,2020-05-30 12:06:12,265,475
8,TRUE,9316,2020-09-08 20:23:02,371,475
8,TRUE,884,2020-02-13 06:01:54,93,476
8,TRUE,7466,2020-02-02 13:40:16,35,476
9,TRUE,4721,2020-12-03 01:40:37,335,476
5,TRUE,1005,2020-11-07 18:59:40,243,476
5,TRUE,6764,2020-09-30 06:12:21,182,477
2,TRUE,4408,2020-08-30 13:21:47,403,477
2,TRUE,4727,2020-03-06 02:17:20,97,477
9,TRUE,1554,2020-08-03 21:10:23,393,477
6,TRUE,4693,2020-05-19 16:23:54,364,477
10,TRUE,8902,2020-09-22 16:04:05,84,478
4,TRUE,3677,2020-04-02 15:12:28,266,478
8,TRUE,626,2020-05-24 13:33:12,265,478
3,TRUE,1423,2021-01-08 20:00:51,67,478
5,TRUE,7861,2021-01-09 03:19:57,166,479
6,TRUE,6397,2020-07-03 03:25:45,375,479
2,TRUE,8059,2020-03-01 19:42:02,304,479
6,TRUE,1975,2020-09-18 00:28:54,332,480
6,TRUE,6170,2020-05-28 14:33:03,259,480
5,TRUE,5797,2020-03-06 01:44:59,123,480
3,TRUE,5107,2020-03-15 05:57:45,263,480
10,TRUE,9774,2020-09-16 03:50:42,205,481
1,TRUE,3873,2020-04-12 07:29:02,195,481
6,TRUE,2352,2020-03-03 17:11:33,253,481
7,TRUE,6590,2020-06-17 20:22:29,28,481
10,TRUE,1323,2020-04-29 00:37:32,244,482
1,TRUE,3219,2020-11-10 22:41:36,363,482
8,TRUE,7835,2020-07-21 19:15:13,208,483
8,TRUE,6869,2020-09-23 22:44:32,275,483
7,TRUE,4341,2020-05-05 20:06:08,192,483
1,TRUE,9965,2020-08-14 20:31:26,352,484
9,TRUE,6136,2020-03-30 13:14:24,351,484
9,TRUE,8647,2020-08-22 20:24:42,159,484
10,TRUE,6306,2020-09-18 12:26:08,191,485
8,TRUE,9073,2020-05-20 07:26:36,154,485
1,TRUE,9407,2020-12-19 02:44:09,372,485
5,TRUE,4361,2020-04-26 07:47:02,22,486
8,TRUE,9639,2020-10-18 09:58:29,198,486
7,TRUE,6291,2020-04-25 01:55:33,25,486
5,TRUE,7980,2020-05-19 14:49:14,342,487
3,TRUE,5164,2020-10-14 14:04:49,200,487
1,TRUE,9090,2020-04-05 22:42:26,249,487
5,TRUE,5977,2020-09-12 20:21:49,158,487
5,TRUE,557,2020-05-21 21:09:54,363,488
7,TRUE,7576,2020-07-15 22:49:23,223,488
9,TRUE,4099,2020-04-24 13:06:53,236,489
10,TRUE,3602,2020-02-11 07:04:37,395,489
3,TRUE,7941,2020-04-23 19:01:29,351,489
10,TRUE,6868,2020-08-14 12:02:38,43,489
7,TRUE,2041,2020-08-23 04:59:59,362,489
5,TRUE,2852,2020-04-21 23:20:50,60,490
4,TRUE,7323,2020-10-11 08:31:19,229,490
8,TRUE,6475,2020-01-27 06:56:30,205,491
1,TRUE,1085,2020-10-11 09:04:46,39,491
5,TRUE,833,2020-11-25 07:46:47,120,491
2,TRUE,854,2020-01-18 15:54:34,4,491
1,TRUE,3894,2020-07-07 04:14:16,36,492
8,TRUE,2116,2020-04-23 20:47:55,249,493
6,TRUE,7265,2020-01-30 04:55:49,316,493
7,TRUE,9475,2020-11-09 07:56:01,31,494
10,TRUE,8412,2020-02-02 21:28:01,420,495
1,TRUE,1447,2020-04-09 18:45:06,98,495
8,TRUE,2077,2020-07-21 03:13:39,330,496
5,TRUE,4408,2020-07-09 19:43:48,90,496
3,TRUE,399,2020-10-21 15:24:53,295,497
2,TRUE,7898,2020-09-18 08:18:51,268,497
7,TRUE,2966,2020-01-24 11:15:50,345,497
7,TRUE,2195,2020-08-06 06:52:10,105,497
4,TRUE,4462,2020-02-27 09:17:51,393,498
5,TRUE,2155,2020-01-28 06:10:05,445,498
8,TRUE,1483,2020-08-04 22:49:19,296,498
8,TRUE,9408,2020-09-20 00:17:33,351,498
9,TRUE,5885,2020-11-21 12:47:35,415,498
8,TRUE,8450,2020-08-20 22:41:56,68,499
4,TRUE,1796,2020-10-13 01:42:29,347,499
8,TRUE,3019,2020-03-29 09:48:05,167,499
10,TRUE,2195,2020-04-01 02:23:16,403,499
9,TRUE,637,2020-12-25 15:57:35,242,500
10,TRUE,792,2020-02-24 13:12:15,147,500
1,TRUE,3425,2020-09-22 10:04:10,228,500
2,TRUE,1839,2020-10-01 19:27:23,22,500
3,TRUE,8024,2020-05-10 09:38:47,307,500
1,TRUE,582,2020-10-03 18:41:37,417,501
8,TRUE,9809,2020-08-12 23:50:27,341,501
6,TRUE,5439,2020-02-23 02:35:05,294,502
9,TRUE,8179,2020-09-07 11:10:16,359,502
6,TRUE,5978,2020-11-29 08:04:46,251,502
6,TRUE,8649,2020-10-21 22:53:57,178,502
1,TRUE,7720,2020-10-25 15:21:16,280,503
10,TRUE,3285,2020-08-29 23:37:02,147,503
3,TRUE,5307,2020-10-22 01:14:58,281,504
3,TRUE,7972,2020-10-03 22:32:05,55,504
6,TRUE,5826,2021-01-11 04:34:35,207,504
8,TRUE,3002,2020-04-12 15:00:01,398,504
2,TRUE,7586,2020-04-20 04:07:37,117,504
1,TRUE,9878,2020-02-21 10:43:15,120,505
10,TRUE,850,2020-05-09 13:07:45,342,505
6,TRUE,5559,2020-09-09 04:05:22,94,505
8,TRUE,5436,2020-08-03 00:50:13,145,506
4,TRUE,1097,2020-08-25 05:22:37,326,506
3,TRUE,8378,2020-07-30 21:16:23,428,506
5,TRUE,599,2020-06-09 16:13:12,222,506
2,TRUE,5923,2020-07-06 20:20:29,23,506
6,TRUE,8802,2020-11-21 09:43:51,193,506
2,TRUE,8304,2020-11-25 12:08:19,442,506
5,TRUE,8739,2020-07-05 17:30:13,34,506
9,TRUE,8968,2020-03-10 22:10:38,251,507
10,TRUE,1871,2020-06-10 16:42:06,149,507
10,TRUE,8814,2020-05-30 02:40:21,181,508
2,TRUE,1829,2020-07-24 13:42:48,169,508
7,TRUE,8413,2020-11-18 18:55:30,71,508
2,TRUE,6449,2020-07-17 14:29:59,333,508
10,TRUE,780,2020-04-08 03:15:21,220,509
5,TRUE,3133,2020-04-05 21:56:18,398,509
2,TRUE,7657,2020-08-03 04:11:55,221,509
8,TRUE,2285,2020-02-20 20:53:42,425,509
10,TRUE,9626,2020-10-12 21:42:20,112,509
3,TRUE,1583,2020-09-19 01:29:18,151,509
2,TRUE,4120,2020-09-26 01:30:00,188,509
9,TRUE,5709,2020-07-25 12:52:51,45,509
8,TRUE,9554,2020-10-26 21:45:21,295,511
3,TRUE,1620,2020-05-22 07:13:03,96,511
7,TRUE,7183,2020-08-23 04:00:53,293,512
2,TRUE,5355,2020-10-01 19:27:48,193,512
2,TRUE,8266,2020-04-13 03:23:14,228,512
5,TRUE,1848,2020-08-27 22:49:45,385,513
6,TRUE,5226,2020-01-30 06:17:40,141,513
1,TRUE,2331,2020-01-14 10:07:20,309,514
8,TRUE,8012,2021-01-09 19:12:13,425,514
4,TRUE,8298,2020-11-12 07:08:23,167,514
7,TRUE,8029,2020-01-29 12:31:38,452,515
8,TRUE,9895,2020-10-24 16:47:43,372,515
8,TRUE,5591,2020-02-10 04:48:03,215,515
5,TRUE,4225,2020-03-11 10:02:44,155,515
8,TRUE,2567,2020-09-02 03:34:10,247,516
1,TRUE,8917,2021-01-01 05:41:23,71,516
10,TRUE,7603,2020-02-07 02:30:43,181,516
7,TRUE,7354,2020-07-18 00:23:25,344,516
10,TRUE,4937,2020-04-10 03:56:18,274,517
3,TRUE,4236,2020-05-25 18:44:42,207,517
8,TRUE,4306,2020-01-21 15:48:52,146,517
4,TRUE,4281,2020-03-01 23:22:36,289,517
6,TRUE,4603,2020-05-10 12:13:32,305,519
10,TRUE,1498,2020-11-20 15:32:07,152,519
6,TRUE,8903,2020-01-30 14:41:53,82,519
2,TRUE,3007,2020-03-03 17:56:31,376,520
4,TRUE,6982,2020-06-11 23:45:08,261,521
2,TRUE,3172,2020-05-18 06:03:53,406,521
9,TRUE,9212,2020-10-13 13:02:12,27,522
7,TRUE,9885,2020-05-09 22:46:17,287,523
6,TRUE,3196,2020-02-15 05:52:13,151,523
1,TRUE,1708,2021-01-04 18:21:28,353,524
9,TRUE,1813,2020-02-16 05:24:49,154,524
8,TRUE,888,2020-02-20 02:55:42,129,525
3,TRUE,1833,2020-02-26 02:24:04,442,525
3,TRUE,2303,2020-01-15 05:12:39,337,526
4,TRUE,3634,2020-06-03 10:13:59,90,526
8,TRUE,5986,2020-11-11 20:40:00,114,527
2,TRUE,3608,2020-11-06 21:33:08,241,528
8,TRUE,4931,2020-02-07 04:40:27,330,528
2,TRUE,1645,2020-02-16 18:54:06,269,529
8,TRUE,6270,2020-12-04 14:22:33,386,529
10,TRUE,6974,2020-01-29 04:41:12,355,529
10,TRUE,628,2020-07-07 04:20:16,215,531
2,TRUE,8994,2020-04-09 21:57:24,139,531
8,TRUE,1397,2020-09-22 20:33:49,15,531
4,TRUE,2802,2020-02-04 04:59:11,421,532
3,TRUE,8123,2020-05-28 23:20:52,352,532
1,TRUE,1089,2020-03-16 23:19:26,232,533
5,TRUE,3301,2020-04-09 12:21:26,341,533
10,TRUE,9300,2020-05-04 17:07:21,96,534
5,TRUE,355,2020-06-13 05:23:56,425,534
10,TRUE,7194,2020-11-03 01:04:57,213,534
6,TRUE,1261,2020-05-07 11:36:22,142,534
5,TRUE,778,2020-05-05 08:41:10,45,534
1,TRUE,4521,2020-02-22 12:10:19,352,535
3,TRUE,1063,2020-07-03 22:51:10,262,535
2,TRUE,9891,2020-07-26 23:17:08,122,536
4,TRUE,4993,2020-08-16 22:12:53,156,536
1,TRUE,1601,2020-12-05 18:11:56,342,536
4,TRUE,2216,2020-06-18 06:14:40,84,536
9,TRUE,6381,2020-02-21 13:05:35,383,536
4,TRUE,2645,2020-08-08 18:26:12,291,536
10,TRUE,5244,2020-05-06 11:39:19,271,536
3,TRUE,9438,2020-03-14 04:12:49,401,536
1,TRUE,3237,2021-01-01 00:15:40,389,537
6,TRUE,5330,2020-02-29 19:57:11,206,538
3,TRUE,2455,2020-05-02 13:08:21,141,538
10,TRUE,4380,2020-12-28 13:56:24,446,538
8,TRUE,4555,2020-05-27 07:33:34,147,538
7,TRUE,5756,2020-06-09 04:20:21,298,539
2,TRUE,7751,2020-09-09 11:14:23,185,539
3,TRUE,1423,2020-02-29 20:19:35,52,539
5,TRUE,7690,2020-05-28 09:37:53,253,539
8,TRUE,8385,2020-12-23 19:37:33,412,539
3,TRUE,6900,2020-06-14 12:07:52,96,539
5,TRUE,8956,2020-05-08 05:57:11,359,540
10,TRUE,6889,2020-04-25 17:36:12,263,540
6,TRUE,2614,2020-02-04 00:07:19,316,540
9,TRUE,1769,2020-11-17 19:23:54,44,541
9,TRUE,5995,2020-05-25 10:07:00,247,541
5,TRUE,442,2020-11-26 05:48:05,66,541
8,TRUE,2169,2020-02-27 17:46:14,57,542
3,TRUE,9052,2020-04-12 09:28:00,360,542
7,TRUE,1507,2020-11-17 13:09:11,163,542
2,TRUE,2414,2020-05-14 16:24:34,339,543
8,TRUE,6401,2020-08-25 05:11:04,166,543
5,TRUE,3518,2020-03-16 01:57:28,191,545
8,TRUE,2944,2020-11-25 17:18:53,224,545
4,TRUE,4649,2020-04-26 06:51:25,141,546
6,TRUE,1485,2020-12-30 05:38:16,328,546
1,TRUE,5100,2020-08-07 08:41:45,312,546
4,TRUE,476,2020-09-06 07:01:06,78,546
2,TRUE,6920,2020-11-05 18:42:47,109,547
10,TRUE,3287,2020-04-12 21:26:48,80,547
10,TRUE,4134,2020-04-04 15:01:44,226,547
4,TRUE,5242,2021-01-12 07:59:02,63,548
1,TRUE,5080,2020-07-21 06:40:20,391,549
4,TRUE,3226,2020-03-09 04:00:21,187,549
6,TRUE,1395,2021-01-08 12:51:25,297,549
1,TRUE,4984,2020-12-18 16:11:31,223,550
5,TRUE,1485,2020-08-22 03:29:01,402,550
3,TRUE,4014,2020-02-05 13:16:48,73,550
2,TRUE,8840,2020-10-06 13:37:14,278,550
3,TRUE,9389,2020-01-16 18:15:35,161,551
7,TRUE,5195,2020-04-26 23:36:19,292,551
10,TRUE,8564,2020-03-16 15:48:31,327,551
8,TRUE,2838,2020-07-23 14:23:55,180,552
6,TRUE,5952,2020-12-08 18:11:09,157,552
10,TRUE,8908,2020-11-19 03:01:36,184,552
9,TRUE,1217,2020-03-14 20:08:41,274,552
6,TRUE,4705,2020-03-12 12:59:20,134,552
7,TRUE,3601,2020-07-05 21:36:58,369,553
7,TRUE,8059,2020-09-16 03:36:24,401,553
9,TRUE,3874,2020-09-16 00:11:07,67,553
3,TRUE,9811,2020-12-30 02:08:08,24,553
8,TRUE,7774,2020-06-11 19:01:46,411,554
1,TRUE,6467,2020-05-04 06:55:45,335,554
2,TRUE,3892,2020-01-29 00:14:52,198,554
4,TRUE,7192,2020-09-01 07:02:27,339,555
1,TRUE,5714,2020-03-08 12:16:01,162,555
10,TRUE,8809,2020-08-14 18:45:59,419,555
2,TRUE,9016,2020-09-20 01:40:13,218,555
5,TRUE,5126,2020-02-24 03:01:36,259,555
2,TRUE,2738,2020-07-02 10:02:30,300,555
10,TRUE,2601,2020-08-16 17:29:00,427,556
3,TRUE,3381,2020-02-14 04:41:14,33,556
8,TRUE,6740,2020-09-28 10:34:22,171,556
8,TRUE,668,2020-12-27 20:18:59,355,557
4,TRUE,2012,2020-04-02 16:21:22,17,557
1,TRUE,8771,2020-10-25 17:01:23,106,557
2,TRUE,461,2020-11-10 21:08:41,328,557
9,TRUE,797,2020-03-28 13:17:36,392,558
2,TRUE,1710,2020-08-11 04:34:29,185,558
4,TRUE,2903,2020-07-21 12:19:05,248,558
3,TRUE,417,2020-10-20 14:19:08,324,559
5,TRUE,4533,2020-05-09 21:57:01,451,560
10,TRUE,8332,2020-11-27 17:53:54,158,561
8,TRUE,9267,2020-10-07 00:33:05,86,561
4,TRUE,3032,2020-05-26 21:10:34,315,561
4,TRUE,9259,2020-04-05 03:14:15,350,561
6,TRUE,5650,2020-11-02 00:38:12,382,562
6,TRUE,222,2020-06-22 13:45:23,108,562
8,TRUE,2666,2020-10-21 19:45:12,262,563
2,TRUE,9229,2020-06-07 14:43:56,37,563
2,TRUE,6559,2020-11-30 06:47:12,182,563
3,TRUE,3448,2020-04-07 19:02:04,143,563
8,TRUE,6546,2020-12-27 08:23:01,181,563
4,TRUE,9555,2020-03-28 23:14:21,136,564
3,TRUE,4755,2020-10-19 19:24:07,15,564
6,TRUE,1030,2020-03-13 00:38:42,155,565
6,TRUE,3033,2020-04-28 22:28:38,361,566
8,TRUE,2417,2020-02-01 21:55:28,108,566
5,TRUE,6454,2020-10-30 14:31:44,29,566
5,TRUE,9907,2020-06-29 04:37:55,85,567
5,TRUE,4559,2020-02-12 17:54:39,224,567
1,TRUE,7752,2020-12-03 22:43:50,108,567
8,TRUE,1159,2020-05-21 14:12:39,59,568
10,TRUE,4173,2020-10-19 00:00:42,444,568
4,TRUE,5256,2020-09-28 04:54:58,284,568
7,TRUE,3058,2020-05-01 09:22:18,432,569
6,TRUE,569,2021-01-07 09:04:12,259,569
8,TRUE,298,2020-04-29 10:24:10,45,569
10,TRUE,3652,2020-07-26 15:29:33,246,569
1,TRUE,4803,2020-04-07 20:57:23,15,569
2,TRUE,9197,2020-05-03 06:56:32,422,570
1,TRUE,7581,2020-06-14 21:16:08,38,571
8,TRUE,4852,2020-04-08 07:31:22,303,571
7,TRUE,8116,2020-09-26 00:07:29,125,572
4,TRUE,4399,2020-01-24 07:53:07,31,572
7,TRUE,6440,2020-06-22 16:47:10,381,573
5,TRUE,4612,2020-06-10 07:12:44,4,574
4,TRUE,2077,2020-10-22 23:46:28,226,574
4,TRUE,4530,2020-08-10 08:12:01,349,575
5,TRUE,7176,2020-10-24 05:47:37,429,575
3,TRUE,3168,2020-01-23 14:38:09,44,576
6,TRUE,8893,2020-02-20 02:02:14,316,576
8,TRUE,4892,2020-07-06 15:46:50,47,576
10,TRUE,9969,2020-04-04 22:58:52,222,577
7,TRUE,3166,2020-05-31 15:29:17,431,577
1,TRUE,4020,2020-07-07 16:10:33,338,577
10,TRUE,4815,2020-06-14 19:54:40,185,578
1,TRUE,1079,2020-04-16 12:49:54,403,578
2,TRUE,4066,2020-01-20 18:37:26,194,578
6,TRUE,1017,2020-06-01 16:23:35,380,579
2,TRUE,9353,2020-06-20 17:00:40,231,579
9,TRUE,8110,2020-12-02 18:37:42,195,579
9,TRUE,807,2020-09-10 16:08:39,62,580
5,TRUE,526,2020-07-11 02:45:34,120,580
2,TRUE,9924,2020-01-14 07:49:30,146,580
10,TRUE,8576,2020-03-06 09:17:10,428,581
1,TRUE,6102,2020-11-06 13:13:18,25,581
8,TRUE,4669,2020-02-27 10:29:39,316,582
9,TRUE,6087,2020-03-12 03:56:01,335,582
10,TRUE,3588,2020-10-25 06:26:12,319,583
6,TRUE,9741,2020-09-16 11:26:02,46,583
7,TRUE,769,2020-07-04 23:58:33,77,583
6,TRUE,4840,2020-04-30 00:37:18,127,583
3,TRUE,1417,2020-08-22 01:50:18,281,584
3,TRUE,5342,2020-04-14 21:07:17,8,584
8,TRUE,3205,2020-10-10 16:00:12,3,584
5,TRUE,9188,2020-01-14 03:04:12,362,586
9,TRUE,2829,2020-05-12 02:50:47,374,586
1,TRUE,444,2020-09-12 08:06:33,345,587
8,TRUE,2584,2020-09-16 20:43:47,325,587
6,TRUE,4752,2020-01-27 05:02:14,32,587
3,TRUE,6136,2020-05-01 08:25:21,96,588
6,TRUE,8188,2021-01-07 08:34:44,154,588
4,TRUE,1701,2020-08-05 22:46:41,271,588
4,TRUE,8320,2020-03-08 03:41:26,237,589
6,TRUE,5889,2020-09-02 15:04:39,286,589
2,TRUE,4172,2020-12-02 15:03:46,231,590
10,TRUE,8743,2020-04-09 17:30:26,227,590
10,TRUE,9475,2020-10-08 00:59:29,251,590
4,TRUE,3395,2020-08-20 13:43:31,115,590
3,TRUE,1160,2020-03-04 17:50:23,190,591
7,TRUE,4441,2020-03-28 14:05:30,151,591
8,TRUE,4400,2020-09-08 00:58:58,160,592
6,TRUE,8029,2020-12-18 18:14:16,164,592
10,TRUE,3588,2020-08-04 17:50:49,194,592
10,TRUE,6405,2020-09-29 06:13:55,360,592
2,TRUE,1299,2020-04-14 16:39:32,39,593
2,TRUE,6372,2020-05-18 08:42:16,414,593
2,TRUE,8664,2020-03-29 21:15:47,58,593
3,TRUE,9484,2020-09-13 11:58:59,398,594
4,TRUE,5580,2020-01-25 15:41:54,256,595
6,TRUE,2482,2020-05-27 20:55:53,419,595
5,TRUE,564,2020-08-11 06:33:53,89,595
6,TRUE,5377,2020-06-13 01:00:53,22,596
7,TRUE,9869,2020-09-16 10:05:33,275,596
7,TRUE,346,2020-05-17 05:32:33,136,596
1,TRUE,9144,2020-03-10 07:29:58,304,596
5,TRUE,1002,2020-12-03 15:29:37,155,596
1,TRUE,4852,2020-12-01 11:06:33,275,597
9,TRUE,1735,2020-09-05 16:12:36,114,597
9,TRUE,510,2020-10-13 19:00:11,372,597
7,TRUE,4510,2020-10-28 08:54:21,320,598
9,TRUE,1660,2020-09-21 18:05:10,437,599
4,TRUE,8710,2020-01-24 00:50:18,16,600
4,TRUE,2027,2020-04-06 20:15:33,450,600
1,TRUE,7548,2020-07-08 20:23:16,159,600
5,TRUE,397,2020-07-19 14:44:26,391,600
5,TRUE,3054,2020-12-13 12:11:50,396,601
4,TRUE,4168,2020-04-22 08:21:28,185,601
10,TRUE,4501,2020-03-04 17:11:45,374,602
1,TRUE,7972,2020-05-02 06:41:50,315,602
3,TRUE,4048,2020-12-01 23:19:20,139,603
2,TRUE,6477,2020-11-24 04:42:45,346,603
3,TRUE,1989,2020-09-22 22:58:40,23,604
1,TRUE,3135,2020-01-29 07:14:55,338,604
4,TRUE,1861,2020-07-06 19:25:11,294,604
9,TRUE,7332,2020-03-19 08:35:21,203,604
7,TRUE,3227,2020-12-08 03:00:08,1,604
3,TRUE,5925,2020-07-16 15:38:34,25,605
9,TRUE,3745,2020-05-08 21:36:36,374,605
10,TRUE,7350,2020-06-27 12:41:49,242,606
7,TRUE,1790,2020-11-22 14:41:09,388,606
9,TRUE,7380,2020-04-26 09:46:18,407,607
7,TRUE,4436,2020-04-27 08:32:16,195,607
6,TRUE,3184,2020-12-02 12:13:17,285,607
2,TRUE,3073,2020-07-04 11:10:11,341,609
7,TRUE,8867,2020-08-29 08:42:43,297,609
3,TRUE,8707,2020-04-14 16:27:57,193,609
3,TRUE,1900,2020-08-09 21:07:50,128,610
2,TRUE,1812,2020-07-25 03:36:14,320,610
8,TRUE,9043,2020-02-24 20:29:35,324,610
4,TRUE,1513,2020-07-03 13:21:02,131,611
7,TRUE,7565,2020-02-09 01:11:03,81,611
8,TRUE,1988,2020-12-24 01:02:00,215,612
3,TRUE,4411,2020-02-28 04:46:49,268,612
9,TRUE,6845,2020-02-11 08:48:05,273,612
6,TRUE,9261,2020-12-21 13:56:53,246,613
7,TRUE,1128,2020-08-20 11:16:02,36,613
3,TRUE,3734,2020-01-23 13:45:16,48,613
8,TRUE,8130,2021-01-11 19:13:58,101,614
2,TRUE,6078,2020-10-04 05:13:36,284,614
9,TRUE,3296,2020-10-23 08:58:49,249,614
4,TRUE,2451,2020-08-17 20:16:20,308,615
6,TRUE,5513,2020-05-01 09:01:23,274,615
3,TRUE,6277,2020-10-18 07:36:44,307,615
9,TRUE,3471,2020-04-12 20:05:39,357,616
1,TRUE,4605,2020-09-16 04:43:05,236,617
10,TRUE,8744,2020-04-27 15:14:30,57,617
1,TRUE,2637,2020-03-06 15:09:49,393,617
7,TRUE,7657,2020-03-23 04:38:54,149,618
7,TRUE,7450,2020-09-01 13:06:08,274,618
4,TRUE,9501,2020-11-27 08:15:11,130,618
7,TRUE,1097,2020-07-27 04:36:24,216,619
2,TRUE,8446,2020-07-19 01:39:40,161,619
5,TRUE,3123,2020-11-04 13:45:14,418,619
4,TRUE,4479,2020-03-10 07:05:52,143,619
1,TRUE,383,2020-05-26 18:48:08,406,620
3,TRUE,2675,2020-05-07 15:01:49,283,621
1,TRUE,9161,2020-06-05 18:33:24,370,621
9,TRUE,7983,2020-02-04 00:12:54,427,621
2,TRUE,7070,2020-05-10 05:46:47,372,622
3,TRUE,7197,2020-09-19 09:29:53,22,622
4,TRUE,9415,2020-09-18 08:19:41,117,622
7,TRUE,1861,2020-03-11 00:17:10,127,623
2,TRUE,407,2020-12-05 17:10:14,334,623
1,TRUE,2788,2020-03-21 20:07:34,282,624
6,TRUE,2213,2020-03-12 22:50:27,378,624
10,TRUE,2752,2020-05-25 17:56:59,368,624
9,TRUE,8694,2020-10-24 16:14:48,308,624
10,TRUE,2130,2021-01-03 08:23:05,234,625
2,TRUE,6774,2020-03-02 14:48:23,295,625
3,TRUE,3156,2020-09-03 06:48:02,162,625
1,TRUE,3169,2020-05-01 19:20:49,353,625
6,TRUE,9717,2020-08-01 21:35:54,220,626
4,TRUE,4297,2020-07-02 03:35:17,150,626
2,TRUE,7815,2020-12-17 05:42:53,195,626
7,TRUE,6611,2020-12-08 08:13:54,89,627
10,TRUE,9531,2020-06-23 12:09:06,395,628
3,TRUE,1182,2020-05-27 11:16:10,363,629
7,TRUE,538,2020-09-19 00:58:05,1,629
8,TRUE,2036,2020-07-02 14:49:56,186,629
6,TRUE,5527,2020-03-24 23:53:07,86,629
2,TRUE,3625,2020-05-22 07:22:19,443,630
2,TRUE,5870,2020-01-21 08:09:25,388,630
3,TRUE,5374,2020-09-01 23:17:28,52,630
7,TRUE,9541,2020-06-25 21:40:31,245,631
10,TRUE,4743,2020-07-01 23:14:11,226,631
8,TRUE,2413,2020-08-02 17:11:32,274,631
10,TRUE,3265,2020-12-16 10:15:37,361,631
6,TRUE,9963,2020-03-26 01:07:34,112,632
9,TRUE,2941,2020-01-20 04:10:14,342,632
10,TRUE,4931,2020-08-03 09:22:54,213,632
2,TRUE,6353,2020-05-13 02:51:41,236,633
7,TRUE,408,2020-06-26 01:09:34,252,633
9,TRUE,3434,2020-08-24 14:23:59,328,633
5,TRUE,8375,2020-11-06 06:34:01,34,634
1,TRUE,299,2020-03-25 21:53:38,433,634
2,TRUE,5007,2020-07-27 11:45:12,205,634
9,TRUE,7360,2020-11-26 14:09:17,125,634
3,TRUE,9125,2020-07-31 16:46:40,419,634
2,TRUE,800,2020-06-28 20:59:03,220,634
5,TRUE,7091,2020-07-14 12:03:57,431,635
7,TRUE,628,2020-03-31 06:46:23,96,635
9,TRUE,9763,2020-04-09 19:23:41,289,636
10,TRUE,894,2020-06-07 15:15:53,201,636
10,TRUE,4704,2020-08-27 04:14:25,401,636
4,TRUE,2144,2020-08-18 08:59:32,410,637
8,TRUE,3952,2020-08-15 20:58:26,121,637
9,TRUE,6208,2020-07-08 06:46:21,430,637
4,TRUE,3160,2020-10-26 14:09:53,7,637
2,TRUE,2211,2020-08-17 20:12:08,128,637
5,TRUE,945,2020-06-18 06:54:54,250,638
7,TRUE,5303,2020-02-10 17:14:29,431,639
1,TRUE,3087,2020-10-14 02:03:05,299,640
3,TRUE,2615,2020-08-11 09:58:47,93,641
8,TRUE,3786,2020-07-07 21:35:11,327,642
1,TRUE,705,2020-01-29 23:08:21,317,644
7,TRUE,9077,2020-06-28 12:20:50,288,644
2,TRUE,3958,2020-01-26 05:17:30,155,644
3,TRUE,7241,2020-01-19 07:09:27,359,644
1,TRUE,988,2020-08-27 03:09:02,338,645
2,TRUE,5314,2020-12-24 07:30:20,79,645
7,TRUE,9446,2020-06-28 08:23:38,288,645
1,TRUE,6089,2020-12-13 08:53:42,358,645
6,TRUE,4580,2020-11-09 19:24:44,223,645
1,TRUE,4231,2020-06-06 13:52:53,247,647
2,TRUE,5402,2020-08-19 10:56:07,200,647
6,TRUE,1771,2020-09-22 09:53:40,142,648
6,TRUE,5469,2020-10-29 23:24:03,338,648
4,TRUE,918,2020-10-28 16:12:14,47,648
1,TRUE,396,2020-04-20 10:31:34,253,649
10,TRUE,3671,2020-10-21 01:48:44,302,649
3,TRUE,2727,2020-03-31 17:58:11,382,649
4,TRUE,1356,2020-07-10 11:43:18,358,650
10,TRUE,4017,2020-01-19 20:45:01,367,650
2,TRUE,6849,2020-05-25 17:30:51,164,650
5,TRUE,5762,2020-07-11 21:15:11,149,650
1,TRUE,6397,2021-01-13 12:56:44,139,650
1,TRUE,8944,2020-12-18 02:46:03,84,650
2,TRUE,9977,2020-06-21 18:49:17,416,651
3,TRUE,6455,2020-08-19 23:08:07,102,651
10,TRUE,696,2020-06-14 18:54:56,106,652
2,TRUE,7953,2020-08-26 03:41:18,447,652
3,TRUE,2545,2020-04-02 20:28:33,366,653
2,TRUE,3104,2020-06-17 02:15:36,34,653
10,TRUE,813,2020-08-29 14:46:57,253,653
5,TRUE,4010,2020-10-03 18:58:50,251,654
6,TRUE,9372,2020-04-16 00:07:16,75,654
7,TRUE,9730,2020-11-27 01:06:47,28,654
7,TRUE,986,2020-04-04 01:52:11,391,654
5,TRUE,6186,2020-03-26 19:43:34,314,655
8,TRUE,4327,2020-10-29 14:58:24,269,656
1,TRUE,1748,2020-01-20 15:13:04,166,656
8,TRUE,3987,2020-11-25 03:53:28,314,656
5,TRUE,1907,2020-11-02 10:09:01,122,656
2,TRUE,638,2020-08-28 06:40:35,124,657
10,TRUE,1795,2020-03-26 11:03:26,103,657
1,TRUE,4464,2020-07-22 04:34:37,64,657
7,TRUE,8052,2020-06-13 00:03:40,417,657
8,TRUE,289,2020-09-06 04:27:12,381,658
5,TRUE,7978,2020-03-13 23:02:53,170,658
6,TRUE,6432,2020-02-29 12:04:18,408,658
5,TRUE,8311,2020-10-16 18:56:26,74,658
4,TRUE,2222,2020-09-16 19:50:39,37,659
6,TRUE,3919,2020-10-09 00:58:28,445,659
10,TRUE,5135,2020-09-16 19:50:33,104,659
7,TRUE,5844,2020-07-05 06:36:24,288,659
4,TRUE,758,2020-10-26 09:00:00,422,660
4,TRUE,4125,2020-10-23 04:30:17,321,661
8,TRUE,4239,2020-03-28 17:32:26,415,662
1,TRUE,4236,2020-05-05 13:08:57,12,662
3,TRUE,6723,2020-05-12 06:55:18,28,662
3,TRUE,2002,2020-11-24 17:57:03,90,662
10,TRUE,3420,2021-01-06 21:56:05,278,662
10,TRUE,1833,2020-04-24 19:26:17,146,662
7,TRUE,3587,2020-10-28 18:06:04,372,663
5,TRUE,519,2020-11-10 05:39:10,71,663
4,TRUE,9644,2020-08-11 20:54:57,223,663
7,TRUE,6279,2020-06-05 13:17:40,274,663
9,TRUE,4784,2020-09-15 09:09:19,302,664
6,TRUE,4256,2020-08-17 06:58:36,24,664
10,TRUE,9414,2020-10-20 21:31:05,113,664
2,TRUE,2913,2020-02-09 02:16:09,80,664
6,TRUE,5623,2021-01-05 04:47:53,89,664
2,TRUE,5321,2020-05-09 17:56:06,442,665
4,TRUE,7555,2020-02-14 23:54:39,37,665
7,TRUE,5559,2020-02-29 00:27:01,449,666
7,TRUE,6400,2020-04-15 11:00:57,421,666
9,TRUE,8484,2020-05-21 14:23:50,419,666
6,TRUE,8907,2021-01-10 10:12:02,42,666
2,TRUE,4388,2020-02-21 03:39:46,187,667
1,TRUE,9781,2020-05-11 09:38:07,440,667
1,TRUE,9417,2020-04-13 21:27:04,300,667
5,TRUE,7239,2020-01-18 07:07:25,141,667
1,TRUE,2781,2020-12-05 13:00:17,428,668
3,TRUE,2062,2020-06-23 12:46:21,280,668
3,TRUE,8356,2020-05-08 07:33:55,248,668
3,TRUE,9674,2020-10-08 17:58:11,377,668
3,TRUE,4639,2020-06-02 13:47:39,142,669
1,TRUE,5973,2020-11-13 13:15:14,228,669
5,TRUE,5860,2021-01-10 21:50:51,324,670
5,TRUE,612,2020-09-02 03:35:27,31,670
3,TRUE,1625,2020-03-08 21:22:40,282,671
9,TRUE,1623,2020-11-23 04:58:24,270,671
3,TRUE,8658,2020-11-22 21:35:49,12,671
5,TRUE,3282,2020-10-05 12:34:51,388,672
1,TRUE,5572,2020-07-23 12:53:18,258,673
9,TRUE,6025,2020-05-04 13:55:29,334,673
6,TRUE,6508,2020-04-18 15:07:31,450,673
7,TRUE,8033,2020-12-13 14:14:09,350,673
1,TRUE,1131,2020-11-20 01:31:34,11,673
6,TRUE,9894,2020-05-11 10:37:09,363,674
4,TRUE,7113,2020-06-19 05:02:01,216,674
10,TRUE,7105,2020-08-19 06:31:57,87,675
9,TRUE,1295,2020-05-03 05:02:42,337,675
7,TRUE,2603,2020-05-11 20:10:36,104,676
5,TRUE,3449,2020-09-30 13:08:54,161,676
6,TRUE,3796,2020-07-28 03:10:22,356,676
7,TRUE,919,2020-05-16 21:51:24,187,676
4,TRUE,9731,2020-12-08 18:37:20,11,677
9,TRUE,5016,2020-09-06 22:25:28,441,677
2,TRUE,889,2020-12-28 09:31:57,105,677
8,TRUE,2459,2020-03-24 19:18:47,293,677
4,TRUE,3987,2020-10-23 03:51:22,356,679
7,TRUE,4525,2020-01-28 22:02:04,360,679
2,FALSE,8615,2020-09-05 10:38:05,364,680
2,FALSE,2815,2020-12-20 05:43:01,341,680
4,FALSE,4364,2020-09-26 09:11:25,188,681
6,FALSE,1994,2020-01-21 15:27:28,440,682
3,FALSE,7614,2020-04-18 23:11:15,123,683
10,FALSE,6763,2020-03-11 04:12:29,371,683
5,FALSE,4927,2020-05-13 02:58:42,168,683
6,FALSE,3885,2020-04-07 16:06:17,10,683
6,FALSE,2192,2020-12-18 05:26:10,220,683
2,FALSE,6838,2020-06-28 14:15:45,57,683
7,FALSE,739,2020-03-25 22:28:30,451,684
4,FALSE,5336,2020-09-07 18:17:03,88,684
10,FALSE,8025,2020-07-21 06:50:06,448,684
10,FALSE,8764,2020-11-09 08:58:45,42,685
8,FALSE,8093,2020-12-25 17:43:04,179,685
4,FALSE,3937,2020-04-27 14:30:17,81,685
10,FALSE,4043,2020-03-02 17:10:49,282,686
1,FALSE,3031,2020-06-27 13:55:20,191,686
1,FALSE,7036,2020-08-09 21:53:18,209,686
7,FALSE,5428,2020-11-06 15:59:05,349,686
10,FALSE,836,2020-05-22 01:50:30,138,687
6,FALSE,9100,2020-02-12 11:00:36,47,687
7,FALSE,2242,2021-01-13 16:48:55,152,688
5,FALSE,7293,2020-12-07 13:08:30,185,688
2,FALSE,7007,2020-08-31 03:21:25,156,689
8,FALSE,1770,2020-06-30 07:56:22,253,689
5,FALSE,3668,2020-09-07 03:06:22,371,689
7,FALSE,6947,2020-12-07 03:02:22,368,690
9,FALSE,4960,2020-10-25 05:08:05,416,690
5,FALSE,5753,2020-12-25 14:41:47,107,690
9,FALSE,611,2020-02-14 01:21:48,107,691
3,FALSE,8821,2020-03-22 18:14:07,134,691
1,FALSE,2672,2020-08-12 11:09:19,374,692
10,FALSE,3796,2020-12-25 17:14:59,111,692
4,FALSE,9101,2020-11-24 07:05:53,98,692
9,FALSE,5199,2020-12-09 20:00:03,140,693
9,FALSE,1821,2020-12-02 21:33:16,293,693
1,FALSE,5065,2020-04-05 21:04:20,345,693
10,FALSE,8004,2020-02-13 22:25:38,25,693
6,FALSE,6431,2020-09-22 02:05:04,143,694
2,FALSE,981,2020-12-29 13:15:07,319,694
6,FALSE,5981,2020-11-21 07:59:33,4,694
10,FALSE,4114,2020-09-05 12:58:55,440,694
4,FALSE,8605,2020-04-03 00:35:52,101,696
6,FALSE,1455,2020-02-09 13:27:25,38,696
3,FALSE,1568,2020-05-24 18:26:18,47,696
2,FALSE,6155,2020-10-29 20:42:42,449,696
7,FALSE,370,2020-04-29 16:50:04,350,696
2,FALSE,4169,2020-07-15 22:15:45,345,697
8,FALSE,3722,2020-12-28 23:50:47,448,697
10,FALSE,1422,2020-10-17 09:42:38,328,699
6,FALSE,602,2020-11-05 08:56:02,99,700
1,FALSE,5479,2020-12-23 05:03:32,59,700
3,FALSE,8184,2020-06-26 21:12:13,70,700
7,FALSE,2280,2020-02-22 16:06:03,314,700
1,FALSE,5847,2020-08-12 06:17:32,79,701
10,FALSE,7009,2020-04-25 04:53:25,159,701
7,FALSE,1406,2020-05-10 05:41:22,157,701
10,FALSE,1177,2020-10-29 12:56:31,291,701
6,FALSE,2237,2020-08-19 08:10:54,319,702
6,FALSE,5760,2020-03-20 06:11:03,157,702
9,FALSE,9050,2020-06-21 07:13:40,89,702
5,FALSE,9909,2020-10-25 23:19:26,356,702
10,FALSE,6057,2020-09-18 04:17:27,305,703
3,FALSE,1834,2020-07-12 10:02:32,265,703
3,FALSE,449,2020-03-15 09:24:27,64,703
6,FALSE,1591,2020-12-25 23:28:04,151,703
3,FALSE,4483,2020-02-11 00:48:30,73,705
4,FALSE,321,2020-07-17 06:04:37,43,705
5,FALSE,1459,2020-04-13 18:05:06,66,705
7,FALSE,2812,2020-06-25 08:56:07,323,705
7,FALSE,9874,2020-06-18 10:18:45,324,705
7,FALSE,5096,2020-03-17 21:34:38,51,706
3,FALSE,2478,2020-04-02 19:54:57,175,706
6,FALSE,7131,2020-04-27 18:03:34,305,706
5,FALSE,8321,2020-04-21 05:06:06,423,706
4,FALSE,1162,2020-04-04 14:09:35,377,706
10,FALSE,4926,2020-11-20 04:45:29,170,707
4,FALSE,1090,2020-04-01 18:13:50,151,708
6,FALSE,4825,2020-07-14 16:33:32,194,708
2,FALSE,9041,2020-02-22 23:20:02,120,708
10,FALSE,9966,2020-01-19 05:46:43,273,709
5,FALSE,4793,2020-10-07 13:09:26,132,709
5,FALSE,7668,2020-08-22 14:39:09,60,710
1,FALSE,2427,2020-10-05 00:59:57,47,710
7,FALSE,3677,2020-11-23 21:24:02,252,711
1,FALSE,9629,2020-06-06 03:39:31,101,711
5,FALSE,4516,2021-01-12 05:30:25,5,711
4,FALSE,3489,2020-02-01 15:26:29,339,712
9,FALSE,652,2020-05-03 15:21:20,324,713
6,FALSE,8636,2020-05-15 06:49:21,443,713
6,FALSE,6113,2020-10-16 17:49:39,211,714
1,FALSE,4344,2020-11-21 06:10:34,313,714
4,FALSE,3730,2020-06-23 01:08:24,173,714
2,FALSE,809,2020-03-07 15:30:58,149,715
6,FALSE,7511,2020-12-07 11:30:26,268,715
6,FALSE,8418,2020-02-21 13:12:53,243,715
2,FALSE,8795,2020-03-29 09:17:05,302,716
5,FALSE,7458,2020-11-18 20:16:35,417,716
2,FALSE,9440,2021-01-02 08:23:43,368,716
8,FALSE,1514,2020-09-25 05:26:43,209,716
10,FALSE,747,2020-10-18 23:56:33,234,717
10,FALSE,2721,2020-06-10 19:12:02,341,717
6,FALSE,6965,2020-03-26 01:27:21,112,717
7,FALSE,1751,2020-05-27 14:54:59,268,717
4,FALSE,3933,2020-06-26 10:32:49,45,717
2,FALSE,8708,2020-04-23 06:09:49,420,717
6,FALSE,4845,2020-09-25 07:19:49,326,718
8,FALSE,2185,2020-05-16 21:34:46,83,719
1,FALSE,5119,2020-04-04 18:21:24,24,719
4,FALSE,3043,2020-05-23 09:36:50,4,719
3,FALSE,8826,2020-04-30 03:42:10,396,720
10,FALSE,8300,2020-11-10 21:19:29,244,720
6,FALSE,8954,2020-06-26 09:11:03,48,720
5,FALSE,4668,2020-02-10 02:01:11,49,720
10,FALSE,8526,2020-02-10 17:10:43,396,721
7,FALSE,2870,2020-10-10 23:59:07,439,721
1,FALSE,1601,2020-11-04 03:40:01,29,721
8,FALSE,9224,2020-04-11 04:39:39,199,721
6,FALSE,6069,2020-02-27 14:04:06,424,722
8,FALSE,6014,2020-09-30 15:03:21,340,722
4,FALSE,7322,2020-01-15 20:34:11,206,725
4,FALSE,7876,2020-08-17 13:31:18,18,725
8,FALSE,6616,2020-04-11 22:57:16,421,726
8,FALSE,1205,2020-02-16 05:29:28,197,726
3,FALSE,6658,2020-03-11 21:46:23,56,726
6,FALSE,2224,2020-06-12 05:57:51,17,726
3,FALSE,482,2020-02-12 01:59:13,64,726
4,FALSE,7522,2020-12-08 01:34:35,285,727
1,FALSE,4454,2020-09-28 03:50:07,338,727
8,FALSE,5616,2020-01-16 23:39:24,222,727
10,FALSE,2794,2020-10-25 00:31:48,6,727
3,FALSE,2392,2020-04-11 12:00:51,424,727
2,FALSE,9341,2020-01-31 08:54:46,117,728
7,FALSE,5415,2020-05-25 09:58:37,439,728
9,FALSE,2652,2020-07-04 12:53:16,355,728
10,FALSE,6129,2020-07-29 17:47:54,359,729
4,FALSE,3515,2020-05-28 16:01:30,119,729
3,FALSE,7636,2020-05-25 22:39:20,98,730
7,FALSE,4917,2020-10-21 06:37:33,40,730
4,FALSE,7375,2020-10-09 13:35:26,76,730
7,FALSE,976,2020-04-01 03:38:13,434,730
5,FALSE,6807,2020-12-04 18:24:29,206,731
6,FALSE,9195,2020-05-03 17:19:03,202,731
5,FALSE,2326,2020-07-29 15:38:37,205,731
3,FALSE,8811,2020-02-13 19:45:32,165,731
5,FALSE,1165,2020-07-29 05:25:29,358,731
3,FALSE,5487,2020-12-15 15:22:53,56,732
4,FALSE,5044,2020-06-18 04:11:35,117,732
4,FALSE,4088,2020-03-04 05:00:00,289,732
1,FALSE,9806,2020-04-03 08:47:16,95,733
7,FALSE,8817,2020-11-20 20:52:34,434,734
10,FALSE,3972,2020-12-27 00:21:05,400,734
2,FALSE,1703,2020-08-18 15:08:15,149,734
10,FALSE,422,2020-04-30 16:16:18,224,735
6,FALSE,7307,2020-12-19 18:43:55,367,735
2,FALSE,5859,2020-12-16 03:58:41,442,735
9,FALSE,9656,2020-09-07 02:18:20,87,735
6,FALSE,1261,2020-09-12 13:52:28,150,735
3,FALSE,9243,2021-01-08 01:28:44,431,735
5,FALSE,4166,2020-07-16 04:47:59,56,736
3,FALSE,9140,2020-04-14 16:53:34,444,737
9,FALSE,7662,2020-04-21 05:09:05,128,738
1,FALSE,5323,2020-05-27 11:05:18,196,738
4,FALSE,1710,2020-08-02 01:04:12,338,739
10,FALSE,4547,2020-01-24 08:16:34,248,739
2,FALSE,3511,2020-10-29 10:10:10,165,739
3,FALSE,6303,2020-11-29 17:49:53,224,740
8,FALSE,9004,2020-02-16 02:45:20,434,740
8,FALSE,2967,2020-03-22 23:54:41,269,740
1,FALSE,8074,2020-02-13 01:26:10,362,741
9,FALSE,4371,2020-04-19 00:22:41,430,741
8,FALSE,584,2020-09-04 01:20:22,390,741
10,FALSE,929,2020-07-28 03:50:02,301,742
2,FALSE,5819,2020-01-21 10:31:34,371,742
6,FALSE,6050,2020-11-19 18:58:33,27,743
9,FALSE,3425,2020-10-24 15:42:29,126,743
2,FALSE,8971,2020-02-03 06:00:12,158,743
2,FALSE,7393,2020-02-09 14:09:10,41,743
7,FALSE,5373,2020-12-15 04:32:09,354,744
10,FALSE,1862,2020-12-22 15:57:30,145,744
1,FALSE,1683,2020-05-31 16:50:32,229,745
5,FALSE,2129,2020-08-08 10:53:16,258,745
6,FALSE,4410,2020-10-07 05:09:49,229,746
6,FALSE,3115,2020-04-23 15:25:41,116,746
1,FALSE,7774,2020-11-08 23:26:23,58,747
1,FALSE,8248,2020-05-14 13:27:48,345,747
7,FALSE,6070,2020-03-30 20:51:26,57,747
7,FALSE,6779,2020-11-19 00:20:14,17,747
9,FALSE,5428,2020-12-21 11:11:04,14,748
5,FALSE,3158,2020-01-19 05:54:03,34,749
6,FALSE,9028,2020-10-05 10:21:50,382,749
10,FALSE,2659,2020-06-08 04:14:54,222,749
1,FALSE,8093,2020-05-06 06:47:57,388,749
5,FALSE,1714,2020-08-23 21:20:03,410,750
2,FALSE,9635,2020-08-13 15:06:39,392,750
8,FALSE,5064,2020-10-14 23:33:51,203,750
5,FALSE,9484,2020-06-16 19:31:53,153,750
5,FALSE,5228,2020-12-09 20:12:19,76,751
4,FALSE,8629,2020-07-08 04:21:55,17,751
9,FALSE,9885,2020-02-05 02:45:03,363,751
9,FALSE,1210,2020-05-31 06:32:00,345,752
6,FALSE,4993,2020-02-26 01:06:01,148,752
2,FALSE,4564,2020-08-30 15:51:09,115,752
5,FALSE,4014,2020-12-11 22:06:55,165,753
6,FALSE,9231,2020-04-27 06:42:27,263,753
5,FALSE,5210,2020-08-03 23:28:57,78,753
5,FALSE,9862,2020-08-02 00:13:12,89,754
5,FALSE,8931,2020-06-28 13:00:15,41,754
8,FALSE,1016,2020-05-29 22:01:43,285,754
8,FALSE,4205,2020-07-08 01:25:48,106,754
2,FALSE,6033,2020-06-25 12:08:28,297,755
4,FALSE,2374,2020-08-18 15:17:10,83,756
1,FALSE,9095,2020-08-07 16:01:13,5,756
8,FALSE,2802,2020-05-28 00:32:20,152,757
6,FALSE,9663,2020-09-01 16:59:08,290,757
7,FALSE,1002,2020-04-20 08:14:20,74,757
2,FALSE,4835,2020-03-12 15:49:14,256,757
2,FALSE,4803,2020-07-13 12:19:46,285,758
2,FALSE,7280,2020-03-10 01:00:05,23,759
2,FALSE,542,2020-09-27 20:18:44,49,759
10,FALSE,669,2020-10-31 15:33:59,340,760
6,FALSE,3880,2020-04-19 12:04:21,274,760
3,FALSE,6944,2020-01-31 20:10:20,73,760
5,FALSE,817,2020-10-06 11:57:27,376,760
5,FALSE,524,2020-08-25 01:54:18,309,761
6,FALSE,1341,2020-07-28 16:04:51,250,762
5,FALSE,2286,2020-03-27 23:05:37,267,762
10,FALSE,1513,2020-09-21 18:54:26,418,762
8,FALSE,7191,2020-10-01 04:18:01,426,762
8,FALSE,2450,2020-06-22 10:13:27,360,762
8,FALSE,1469,2020-11-19 14:20:13,236,763
2,FALSE,1645,2020-04-16 16:24:46,426,764
8,FALSE,1802,2020-12-27 09:55:52,362,764
7,FALSE,2961,2020-08-02 13:39:37,254,765
10,FALSE,4947,2020-06-13 20:56:38,37,765
2,FALSE,3684,2020-12-24 18:11:27,56,766
1,FALSE,8293,2020-05-17 20:59:32,222,766
2,FALSE,4567,2020-04-06 10:29:32,242,767
5,FALSE,6848,2020-05-20 12:14:08,444,767
5,FALSE,1672,2020-03-12 21:28:28,268,767
8,FALSE,8228,2020-04-14 07:42:56,183,767
6,FALSE,5275,2020-07-11 05:14:40,254,767
5,FALSE,4144,2020-02-28 08:33:22,257,767
3,FALSE,6832,2020-06-11 07:51:21,311,767
9,FALSE,2021,2020-10-13 16:42:19,419,767
4,FALSE,2337,2021-01-02 22:26:28,197,768
8,FALSE,3773,2020-02-27 08:32:02,332,768
8,FALSE,1085,2020-04-08 20:02:40,194,768
3,FALSE,5375,2020-10-27 21:26:07,19,769
5,FALSE,4930,2020-08-21 09:26:28,270,769
5,FALSE,3795,2020-11-06 03:21:45,76,769
9,FALSE,3583,2020-01-15 23:18:09,36,769
6,FALSE,9584,2020-05-02 12:59:48,330,769
7,FALSE,8596,2020-01-20 16:45:06,349,769
4,FALSE,3944,2020-11-01 11:46:16,406,770
3,FALSE,718,2020-12-17 20:40:23,344,771
3,FALSE,2425,2020-07-26 17:13:34,201,771
7,FALSE,7533,2020-10-07 19:59:51,149,771
10,FALSE,1233,2020-03-04 10:50:53,204,772
3,FALSE,9615,2020-11-06 06:58:09,8,773
6,FALSE,723,2020-05-28 13:17:49,376,773
10,FALSE,8954,2020-07-27 04:25:35,116,773
8,FALSE,9585,2021-01-03 10:34:55,273,773
8,FALSE,9767,2020-10-17 08:04:31,343,773
10,FALSE,4270,2020-07-18 23:35:01,275,773
1,FALSE,1001,2020-08-14 15:18:24,19,773
9,FALSE,3997,2020-08-23 00:42:21,426,773
6,FALSE,1953,2020-02-26 23:27:49,409,774
7,FALSE,3256,2020-02-18 01:03:57,106,774
8,FALSE,7537,2020-08-22 15:55:31,134,775
1,FALSE,3554,2020-12-06 02:09:22,290,775
6,FALSE,733,2020-03-10 00:47:06,432,775
8,FALSE,5023,2020-07-01 01:59:49,54,775
2,FALSE,7545,2020-03-27 00:42:47,268,775
7,FALSE,8251,2020-03-19 13:06:06,13,776
9,FALSE,4015,2020-04-18 21:53:06,39,776
3,FALSE,7704,2020-11-22 00:16:20,373,776
9,FALSE,3491,2020-06-17 12:46:51,271,776
9,FALSE,1223,2020-03-28 03:14:07,232,776
6,FALSE,3021,2020-09-16 09:27:18,50,777
9,FALSE,3517,2020-03-24 20:52:13,139,777
3,FALSE,6651,2020-02-26 07:39:09,231,777
1,FALSE,8060,2020-02-18 13:09:02,431,778
6,FALSE,1539,2020-08-14 22:05:09,447,779
1,FALSE,1842,2020-03-10 13:20:57,266,779
7,FALSE,9354,2020-09-11 10:30:08,368,779
1,FALSE,9571,2020-05-16 08:36:42,282,779
2,FALSE,6260,2020-09-10 13:35:42,191,779
7,FALSE,7349,2020-04-07 13:36:18,230,780
4,FALSE,4876,2020-03-23 01:07:32,360,781
3,FALSE,8912,2020-09-03 18:39:43,329,781
1,FALSE,4782,2020-09-14 15:37:53,17,781
2,FALSE,9412,2020-06-11 11:28:18,36,781
5,FALSE,7502,2020-03-04 02:07:53,215,781
9,FALSE,9898,2020-11-15 15:16:20,92,782
5,FALSE,1648,2020-11-11 22:26:39,357,782
10,FALSE,8320,2020-03-26 21:01:58,288,782
10,FALSE,8883,2020-07-05 19:27:18,298,783
6,FALSE,4264,2020-06-27 09:14:40,316,783
2,FALSE,3957,2020-09-12 15:35:01,9,784
5,FALSE,1705,2020-10-11 16:06:59,110,784
9,FALSE,2046,2020-07-03 22:33:10,323,784
6,FALSE,9676,2020-02-26 00:30:01,18,785
6,FALSE,459,2020-04-23 06:39:12,298,785
7,FALSE,1471,2020-02-04 06:34:44,438,785
2,FALSE,6821,2020-05-24 11:35:00,385,785
9,FALSE,8591,2020-01-23 16:04:15,262,785
1,FALSE,288,2020-04-22 04:52:29,146,785
8,FALSE,8043,2020-01-25 14:44:55,95,785
8,FALSE,9250,2020-12-29 10:54:19,137,785
8,FALSE,9412,2020-06-02 10:17:55,352,786
9,FALSE,8179,2020-07-13 02:21:37,305,787
4,FALSE,632,2020-05-06 10:25:04,438,787
5,FALSE,5794,2021-01-01 16:37:46,41,788
7,FALSE,6246,2020-11-07 16:30:56,12,788
3,FALSE,4944,2020-02-01 06:25:28,289,789
8,FALSE,4511,2020-07-26 19:39:14,308,789
10,FALSE,3230,2020-07-02 07:31:17,189,790
9,FALSE,8343,2020-04-01 19:20:53,315,790
10,FALSE,9789,2020-12-02 14:14:47,75,791
5,FALSE,2000,2020-07-23 05:41:14,393,791
7,FALSE,1125,2020-08-08 13:01:56,395,792
6,FALSE,6463,2020-06-25 23:57:05,188,792
9,FALSE,3924,2020-12-23 17:39:46,191,792
2,FALSE,3146,2020-12-28 17:41:34,245,792
4,FALSE,5118,2020-12-25 11:41:04,343,792
4,FALSE,5333,2020-02-15 14:05:30,330,793
10,FALSE,1701,2020-05-13 08:48:19,383,793
8,FALSE,3158,2020-02-08 09:09:13,71,794
9,FALSE,3097,2020-11-14 04:55:26,386,794
4,FALSE,7857,2020-05-07 00:16:25,67,794
1,FALSE,2585,2020-11-16 22:04:48,175,794
6,FALSE,9029,2020-10-14 10:56:53,139,794
4,FALSE,7353,2020-06-11 03:03:04,297,795
2,FALSE,896,2020-07-16 15:14:46,79,795
9,FALSE,6881,2020-09-18 22:56:22,171,795
8,FALSE,3768,2020-04-04 19:40:59,448,795
2,FALSE,8188,2020-03-21 06:04:46,399,796
9,FALSE,2109,2020-10-30 12:41:15,317,796
6,FALSE,1383,2020-07-22 03:23:21,434,797
8,FALSE,6934,2020-05-19 18:00:03,20,797
8,FALSE,6619,2020-05-11 07:35:20,265,797
9,FALSE,4530,2020-07-07 23:19:35,185,798
7,FALSE,9102,2020-05-23 00:46:02,252,798
2,FALSE,7058,2020-07-07 15:30:32,112,798
4,FALSE,8027,2020-11-22 07:10:50,345,798
10,FALSE,2650,2020-12-14 10:45:22,77,799
9,FALSE,5183,2020-07-06 07:46:30,393,799
10,FALSE,1570,2020-08-20 17:57:55,427,799
2,FALSE,4171,2020-04-26 00:21:50,43,799
4,FALSE,8588,2020-07-09 20:17:30,175,800
6,FALSE,5155,2020-12-13 20:45:18,153,800
8,FALSE,6401,2020-10-20 03:07:30,152,800
5,FALSE,7032,2020-03-19 06:21:58,317,801
3,FALSE,4054,2020-07-02 06:06:06,333,801
1,FALSE,2472,2020-05-26 07:54:47,249,802
3,FALSE,3211,2020-02-01 21:52:01,365,802
7,FALSE,2238,2020-01-27 22:48:04,238,802
5,FALSE,1936,2020-02-17 22:44:56,93,802
4,FALSE,9148,2020-04-10 17:59:24,291,802
2,FALSE,3143,2020-10-19 14:04:38,400,802
6,FALSE,7237,2020-02-14 18:52:51,109,803
4,FALSE,7168,2020-08-09 00:11:42,60,803
4,FALSE,526,2020-08-05 01:40:30,141,803
9,FALSE,2888,2020-01-15 05:23:43,432,804
6,FALSE,2511,2021-01-07 21:58:59,255,805
10,FALSE,8972,2020-05-12 04:15:43,180,805
5,FALSE,2754,2020-03-19 10:29:47,436,805
1,FALSE,5085,2020-08-11 17:18:35,200,806
5,FALSE,9565,2020-11-04 18:17:08,262,806
1,FALSE,4139,2020-09-19 05:32:47,233,806
1,FALSE,5186,2020-08-21 04:44:38,245,806
9,FALSE,7038,2020-03-22 11:42:39,253,807
1,FALSE,1485,2020-03-19 12:33:20,39,807
9,FALSE,2102,2020-05-16 17:31:52,36,808
9,FALSE,8986,2020-07-01 22:31:02,7,808
5,FALSE,6323,2020-04-13 11:20:59,187,808
10,FALSE,2386,2020-03-03 16:12:03,279,808
10,FALSE,5762,2020-06-18 08:10:44,110,808
9,FALSE,2105,2020-11-26 09:58:17,125,808
5,FALSE,9900,2020-11-15 10:41:01,88,809
4,FALSE,5395,2020-07-13 01:34:03,163,809
9,FALSE,4399,2020-12-27 01:32:09,437,809
6,FALSE,7519,2020-02-17 23:46:10,331,810
7,FALSE,5331,2020-03-30 06:43:55,49,810
8,FALSE,2652,2020-10-06 10:09:51,291,810
1,FALSE,5856,2020-11-14 22:10:17,104,810
2,FALSE,4829,2020-03-07 17:05:23,263,811
5,FALSE,1038,2020-03-07 10:03:29,19,811
5,FALSE,8477,2020-05-26 00:08:52,378,812
3,FALSE,2627,2020-02-12 21:44:32,435,812
8,FALSE,8353,2020-03-17 08:18:22,96,812
1,FALSE,1652,2020-06-02 22:11:03,365,812
10,FALSE,9397,2020-07-07 20:12:45,152,812
3,FALSE,4997,2020-07-17 16:34:50,341,813
10,FALSE,7772,2020-12-22 03:18:20,75,813
5,FALSE,685,2020-06-15 03:20:45,244,813
4,FALSE,3052,2020-11-15 09:51:58,276,814
2,FALSE,3616,2020-05-06 13:28:23,452,814
10,FALSE,712,2020-07-23 12:02:28,439,814
3,FALSE,2807,2020-06-05 02:09:45,180,815
2,FALSE,3097,2020-09-26 10:27:56,171,815
5,FALSE,2611,2020-06-04 04:27:30,210,815
10,FALSE,6466,2020-03-28 11:50:51,338,816
2,FALSE,6461,2021-01-11 15:37:01,90,816
3,FALSE,276,2020-08-03 07:20:07,60,817
4,FALSE,6592,2020-04-06 14:55:04,146,817
7,FALSE,8992,2020-02-25 21:52:20,358,818
8,FALSE,4479,2020-05-28 08:54:32,393,818
4,FALSE,587,2020-05-04 19:16:40,447,818
10,FALSE,938,2020-09-11 16:22:58,334,818
1,FALSE,2251,2020-05-05 07:07:39,26,818
4,FALSE,1473,2020-06-04 17:41:53,274,818
5,FALSE,1792,2020-03-27 05:06:06,283,818
8,FALSE,4987,2020-03-20 17:48:43,222,819
1,FALSE,3877,2020-08-27 02:53:05,204,819
2,FALSE,8217,2020-05-19 22:56:52,213,819
7,FALSE,8293,2020-08-17 13:29:15,396,819
2,FALSE,2276,2020-06-08 13:08:38,86,820
4,FALSE,8866,2020-01-22 22:22:26,244,820
3,FALSE,4490,2020-05-04 06:24:56,67,820
7,FALSE,6662,2020-03-19 06:52:47,280,820
5,FALSE,3588,2020-10-03 12:30:59,378,821
2,FALSE,5987,2020-10-28 14:08:49,99,821
2,FALSE,9789,2020-09-21 06:15:29,134,821
9,FALSE,5555,2020-11-22 11:37:53,261,821
6,FALSE,4029,2020-12-29 00:37:21,359,821
7,FALSE,9396,2020-05-01 00:18:52,312,821
8,FALSE,2655,2020-04-05 22:16:30,409,822
2,FALSE,9863,2020-10-30 08:36:29,394,822
10,FALSE,9671,2020-07-22 05:36:03,423,823
3,FALSE,6249,2020-03-11 18:46:38,72,823
5,FALSE,7725,2020-11-01 18:17:30,161,823
3,FALSE,7960,2020-02-05 22:59:25,50,824
6,FALSE,1049,2020-01-14 16:44:02,23,824
6,FALSE,9553,2020-12-02 18:43:39,37,824
1,FALSE,383,2020-10-14 12:14:16,352,825
10,FALSE,2539,2020-02-10 14:03:58,225,825
4,FALSE,801,2020-02-18 23:04:28,88,825
9,FALSE,4691,2020-12-19 19:03:21,158,826
6,FALSE,9688,2020-09-03 16:24:04,7,826
4,FALSE,3640,2020-09-30 17:57:06,268,826
2,FALSE,7790,2020-08-19 04:50:16,254,827
3,FALSE,6642,2020-04-02 03:06:07,392,827
2,FALSE,1658,2020-03-11 15:50:40,38,827
7,FALSE,7840,2020-11-02 00:03:24,207,828
1,FALSE,9075,2021-01-06 03:32:30,115,829
2,FALSE,4003,2020-12-15 09:51:17,173,829
3,FALSE,7613,2020-04-25 00:10:14,162,830
10,FALSE,6823,2020-09-06 01:13:02,193,830
10,FALSE,7852,2020-10-07 15:06:33,397,830
7,FALSE,861,2020-01-24 13:41:22,403,830
9,FALSE,1018,2020-05-18 06:24:24,187,830
4,FALSE,5492,2020-04-26 16:10:19,299,830
8,FALSE,901,2020-11-04 01:09:18,28,831
7,FALSE,2861,2020-05-26 12:09:02,104,831
10,FALSE,9117,2020-02-13 03:42:25,339,831
3,FALSE,6851,2020-09-08 21:14:32,248,831
4,FALSE,3140,2020-08-11 07:56:00,329,832
8,FALSE,8923,2020-01-20 18:18:19,264,832
9,FALSE,9922,2020-03-09 07:23:59,185,832
5,FALSE,6164,2020-12-29 23:31:36,216,833
8,FALSE,5766,2020-02-17 14:40:33,287,833
9,FALSE,3263,2020-06-26 16:15:31,265,833
7,FALSE,2768,2020-01-22 11:13:46,411,834
1,FALSE,973,2020-09-11 22:08:43,134,834
4,FALSE,8841,2020-10-11 00:58:47,326,835
8,FALSE,8151,2020-02-27 00:32:20,349,835
10,FALSE,8720,2020-04-13 20:43:29,67,835
8,FALSE,1064,2020-09-17 17:33:56,237,836
1,FALSE,3928,2020-03-11 00:21:54,310,836
3,FALSE,9536,2020-03-01 20:00:21,377,836
9,FALSE,1547,2020-12-22 02:20:03,103,837
10,FALSE,2807,2021-01-12 18:12:07,59,837
1,FALSE,7671,2020-12-08 18:31:30,262,837
1,FALSE,4391,2020-03-06 02:55:00,335,838
5,FALSE,7287,2020-11-24 00:12:31,62,838
7,FALSE,5183,2020-05-19 21:30:37,141,838
6,FALSE,7075,2020-11-03 14:58:32,404,838
4,FALSE,4564,2020-02-19 12:32:03,419,839
2,FALSE,7273,2020-08-04 05:06:28,212,840
5,FALSE,3845,2020-07-22 01:26:08,5,840
5,FALSE,9753,2020-11-07 14:24:35,44,841
10,FALSE,2593,2020-08-13 03:33:33,268,841
9,FALSE,4589,2020-12-21 07:44:43,99,842
10,FALSE,8781,2020-10-02 03:37:34,188,842
5,FALSE,5808,2020-11-06 20:26:29,187,842
